1021 1773
762 135 25 85 7

56 218 728 65 duyre à la cognoiſſance de ſon Euan¬

60 267 723 69 gile: i’ay touſiours depuis hazarde ce

56 323 727 59 talent, qu’il luy a pleu me commettre

59 375 727 65 pour icelluy faire multiplier & acroi¬

56 428 730 65 ſtre ſelon ma petite puiſſance & indu¬

56 477 728 69 ſtrie donnée & pouſsée par luy. Telle¬

56 537 728 62 ment que petit à petit i’ay cogneu &

60 591 723 60 veu a l’oeil le gaing qui en eſt prouenu,

60 639 721 67 graces à Dieu. Vray eſt qu’il n’a pas

56 691 727 61 en core eſté grand, mais il meſuffit d’e¬

53 744 731 64 ſtre entré en quelque bon & heureux

56 799 728 57 cõmencemẽt de ceſte negotiation & tra

56 851 728 65 fique diuine: ayant eſperãce moyẽnãt

51 902 732 61 la conduite du Souuerain, que de ces

56 954 724 66 petites choſes qui ne ſont que Chãſons

51 1017 730 52 ſpirituelles, & autres petites œuures,

53 1063 727 65 que ie t'ay par cy deuant donnez: nous

56 1116 724 61 viẽdrons par continuation frequẽte et

50 1165 730 65 auec la grace du Souerain à choſes plus

59 1220 724 65 graues: et qui te plairõt mieux. Or ayãt

53 1272 728 62 fait ceſte chãſon ſpirituelle ſurla ſaincte

56 1323 725 59 Cene de noſtre ſeigneur lefus Chriſt, &

56 1377 725 60 voyãt le poix d’icelle: ie me ſuis aduisé

56 1428 730 77 qu’il ſeroit treſcõmode & vtile de faire

446 1487 338 70 A 4 extrait
