1015 1732
226 141 30 45 8

225 181 725 77 extrait d’aucuns paſſages du traicté,

228 236 730 69 qu'en a fait ce grand & diuin auteur

226 290 735 63 Caluin. Lequel, comme il eſt entre tou¬

229 342 731 67 tes les creatures doué d’une ſpeciale

232 392 723 65 grace de Dieu, et d’un indicible ſauoir,

229 445 728 61 ainſi nous a entre tous les eſprits diuins

232 500 728 62 de ce tẽps icy tant bien & ſi clairement

231 554 723 63 (cõme en tous autres il a de couſtume)

231 601 726 70 expliqué ce paſſage: que le lecteur ne

231 656 729 71 peut ſaillir & partir de luy, que en tout

226 708 732 64 & par tout ſatiſfait, & depeſché de tou

228 762 730 60 tes doutes. A ceſte cauſe i’ay fait ex¬

226 812 731 71 trait de ſondit traicté, & iceluy ay ap¬

228 866 727 69 pliqué ſoubz chaſcun chef de ceſte pre

225 916 730 71 ſente chanſon: le plus briefuement & le

228 971 726 71 plus commodément que i’ay peu: pour

222 1020 733 71 ſeruir à l'intelligence des pouures fidel

222 1075 733 62 les encore rudes, qui ne prennent la

225 1127 729 69 peine de veoir diligemment ledit Cal

222 1182 730 69 uin: ou bien s’ilz le voyent, ne l’enten¬

223 1228 729 73 dent, ou en ſont diſtraits à cauſe de la

225 1283 726 70 grauité & prolixité dudit traicté. Au¬

220 1336 731 71 cunsſont de ceſte opinion qu’ilz diſent

220 1389 727 87 que matiere de telle importance ne ſe

835 1453 107 79 doyt
