1021 1773
755 169 35 67 9

57 224 729 61 doyt tant abiecter qu’elle ſoit reduite

57 283 727 61 en chanſon par ce que lon ne la peut cõ

60 328 723 60 prendre en vne chanſon. Ce que ie leur

57 381 729 62 confeſſe: car comment la pourroit on ſi

57 432 729 70 briefuement cõprẽdre veu que pour la

57 487 727 70 bien expliquer vn iuſte et gros volume

59 540 724 62 n’y pourroit pas ſuffire? & d’auantage

60 589 723 71 qu'eſt il plus de beſoing de diſcuſſion

59 642 725 67 d'icelle matiere apres ledit Auteur? Et

59 697 724 66 cõbien que ce ſoit choſe perduë de s’ar

57 749 729 68 reſter à telz eſprits: qui ne demandent

56 803 728 68 que à cauiller & obſcurcir la gloyre de

57 855 729 65 Dieu & de ſon Chriſt, ilz ne meſau¬

56 913 730 63 royent touteſfoys nyer que ce ne ſoye

57 961 729 67 choſe bonne et louäble d’ouurir par ce

56 1010 730 71 ſte chanſon les eſprits des fideles, & tel

56 1069 728 68 lement les induire par vn chãt que lon

56 1118 725 71 leur donne gouſt de paſſer plus outre:

60 1176 721 66 pour veoir amplement ladite matiere.

57 1224 730 65 Ie t'ay auſsi cotté les paſſages de l'eſ¬

57 1280 715 61 criture, afin que tu voyes & cognoiſ¬

57 1337 730 62 ſes, que c’eſt la voix deChriſt ſouuerain

59 1381 727 63 Bergier: laquelle ſes brebis ſauent bien

59 1437 727 74 cognoiſtre & entendre, & puis l'enſuy¬

793 1298 100 83 Iean.1c

463 1502 306 64 A 3 ure
