1015 1732
215 150 52 41 10

223 196 731 62 ure. Leſquelz tu retiendras, conſiderãt

223 248 728 63 que ce ſeroit peu de ceſte Chanſon, qui

219 300 731 65 ne mettroit en memoyre le ſens & ſub¬

218 350 732 64 ſtance d’icelle. Le Chreſtien ſe doyt fai¬

219 411 728 58 re tout à tous, à l’exẽple de Sainct Paul

229 457 718 71 pour gagner vn chaſcũ à Chriſt: ce que

219 508 723 67 ie me ſuis efforcé de faire iuſques icy,

222 560 725 69 graces à Dieu, & ainſi qu’il luy a pleu

218 614 726 60 m’illuminer par ſon Eſprit d’intelligẽ

218 669 727 61 ce: eſtimant peu que les mondains, qui

216 721 728 56 ne peuuent porter la gloire de Chriſt, de

215 772 726 66 tractẽt de moy à cauſe de ceiniuſtemẽt:

218 824 723 59 pourueu qu’en cecy & autres choſes

216 880 725 63 plus grandes ou plus petites ie puiſſe

213 932 729 62 auancer en quelque partie la gloyre de

213 985 726 62 Chriſt, & profiter à ſa ſimple & pouure

212 1034 729 65 Egliſe Chreſtienne. Ie t'ay pareillement

212 1088 723 63 mys auec la preſẽte deux petis œuures

213 1135 722 67 de Poëſie francoyſe: eſquelle sſi tu prẽs

213 1192 724 62 plaiſir, tu me dõneras courage de te dõ

210 1247 724 60 ner autres choſes: deſquelles tu pourras

213 1300 721 56 perceuoir quelque cõſolation, ſi les cho

212 1349 720 65 ſes de Dieu t’agréent. Le Seigneur te

210 1402 585 71 maintienne en paix. FIN.

124 457 90 61 ◊.9.c.d

759 1447 182 72 Chanſon
