1021 1773
729 152 43 78 13

299 165 232 59 Spirituelle.

166 224 448 67 Doys tu pas eſtre ayſe

169 276 491 69 Pouure Homme pecheur

166 341 442 56 De prendre à ton ayſe

169 387 390 56 Chriſt ton Createur?

85 481 681 49 Prenez, mãgez, & beuuez: ce eſt mon Corps, qui

41 523 724 54 eſt liuré pour vous: ce eſt mon ſang qui eſt eſpan¬

41 568 721 46 du pour la remiſsion de voz pechez. CHRIST

42 602 726 56 par ces mots ſignifie qu’il eſt noſtre: & qu’il eſt fait

41 645 724 50 vne meſme ſubſtance auec nous. Et quand il

44 692 721 46 dit, ce eſt mon Corps qui eſt liuré pour vous: ce eſt

42 732 723 45 mon ſang qui eſt eſpãdu pour vous, il nous declai

41 774 724 47 re & enſeigne, qu’ilz ne ſont pas tant ſiens que no¬

41 809 724 52 ſtres: puis qu’il les a prins & laiſſez, non pour ſa

42 855 723 50 commodité, mais pour l’amour de nous, & pour

44 896 214 54 noſtre profit.

305 981 182 57 .IIII.

76 1059 683 86 Puis que pour nous Ieſus Chriſt s'eſ

124 1133 152 47 donné,

44 1176 671 68 Que le pecheur ne ſoyt plus eſtonné

44 1226 366 59 Pour ſon malefice,

44 1291 368 60 Et peché commys:

42 1335 305 59 Car le ſacrifice

47 1384 425 69 De Chriſt l'a remys.

183 1430 504 109 Doys tu pas eſtre ayſe. &c.

777 1049 116 84 Heb.5.b◊

769 1121 123 44 Heb.7.c◊

769 1159 117 52 Heb.9.◊

771 1201 109 51 iuſque

769 1238 124 53 fin du cl◊

771 1286 124 55 Heb.10

772 1325 79 53 &. d

774 1371 119 48 Voyez c◊

774 1412 121 49 gẽment

769 1449 126 58 ditz cha◊

703 1499 68 64 En
