1015 1732
244 137 40 59 14

541 138 176 59 Chanſon

294 196 677 58 En ce chef & es troys ſubſequens conſolation

254 236 717 59 & ioye eſt donnée aux fideles, en la Croix & paſ¬

252 280 721 50 ſion de noſtre Seigneur IESVS CHRIST: & en

254 318 717 54 ce qu’il s’eſt vne foys pour toutes liuré pour nous:

254 363 716 48 & a eſpandu ſon ſang pour nous. Car il a eſté con¬

252 404 718 47 ſtitué & conſacré du Pere Preſtre & pontife a touſ

254 445 714 52 iourmais ſelon l’ordre de Melchiſedech, aſin qu'il

251 489 719 52 feiſt l’office de Preſtriſe eternellement durante &

254 534 716 50 permanente. Ce myſtere auoyt eſté long temps de

251 570 716 54 uant figuré en Melchiſeclech. Lequel eſtant Roy

249 614 716 52 de Salem, apres qu’il a eſté vne foys introduit Pre¬

246 650 719 52 ſtre du Dieu viuant, iamais apres il n’en eſt fait

248 695 717 51 mention: comme s’il euſt touſiours veſcu ſans fin.

249 736 716 47 Par ceſte ſimilitude IESVS CHRIST a eſté dit

246 775 717 52 Preſtre ſelon ſon ordre. C’eſt ce que dit l’Apoſtre,

251 819 714 52 que ce grand Preſtre & pontife CHRIST, par le ſa

245 858 718 55 crifice de ſoy meſme, s’eſt apparu vne foys en la

245 899 719 47 conſommation des ſiecles, pour effacer, deſtruyre

244 939 719 55 & abolir le peché. Item. Que la volunté de Dieu a

242 978 713 49 eſté de nous ſanctifier par l’oblation de IESVS

245 1031 715 37 CHRIST faite vne ſeule foys. Itẽ. Que par vne

241 1062 719 55 ſeule oblation il a parfait à perpetuité ceux qui

239 1102 721 51 ſanctifiez. Et adiouſte vne ſentence notable: que

241 1143 717 62 puis que la remiſsion des pechez eſt vne foys acqui

239 1189 711 53 ſe, il ne reſte plus oblation aucune. Laiſſons donq

239 1226 715 54 ceſte deteſtable & horrible abomination, que lon

239 1267 716 49 nõme Meſſe. Laquelle les pouures aueuglez croyẽt

241 1307 714 51 & maintiénent eſtre ſacrifice, & oblation pour im

241 1353 713 52 petrer la remiſsion despechez contre la parolle de

239 1392 711 55 Dieu & I’efficace de la mort & Croix de IESVS

242 1434 712 61 CHRIST Laquelle nous laue & purge de tous noz

121 463 104 43 ◊.120.a

118 554 110 56 ◊e.i.4.d

116 802 120 68 ◊.9.c. & d

114 1011 96 45 ◊.10.d

834 1475 111 63 pechez
