1015 1732
235 121 53 47 16

535 127 179 59 Chanſor

259 174 366 72 Car Chriſt le repute

246 226 364 62 Pour ſien en effet.

399 288 517 72 Doys tu pas eſtre ayſe. &c.

297 376 670 67 Vrayement iceluy a porté noz langueurs: & ſou

242 420 723 60 ſtenu noz doleurs. Or eſtoit il nauré pour noz for

241 457 724 68 fais: il il a eſté blecé pour noz iniquitez. Voyez le

244 500 153 57 chapitre.

284 571 679 68 Ce eſt l'eſchange, que IESVS CHRIST de ſa

242 627 719 58 bonté infinie a voulu faire auec nous: qu’en

241 668 720 52 receuant noſtre pouureté, il nous a tranſferé ſes

239 705 721 64 richeſſes: en portant noſtre debilité ſur ſoy, il nous

238 750 723 59 a confermez par ſa vertu: en prenant noſtre morta

238 788 719 54 Iité, il à fait ſon immortalité noſtre: en deſcen¬

239 829 721 61 dant enterre, il a fait voye au Ciel: en ſoy faiſant

238 870 667 62 Filz d’Homme, il nous a faits enfans de Dieu.

496 968 147 49 .VII.

229 1068 723 67 Non qu’en Ieſus fuſt iamais vn peché:

228 1118 719 75 Mais en voyãt l’Hõme tãt empeſché,

228 1170 260 59 Il ſe conſtitue

226 1222 422 65 Pour luy ſon debteur.

225 1274 379 56 Puis en ſaiſon deuë

226 1333 448 68 S’en fait bon payeur.

376 1388 425 78 Doys tu pas eſtre ayſe

128 183 115 49 ◊Iip.2.a

125 381 115 44 ◊ye.53.b

791 1466 151 45 Pouure
