1021 1773
737 165 49 75 17

270 159 223 67 Spirituelle.

169 217 498 78 Pouure Homme pecheur,

169 277 420 67 De prendre à ton ayſe

169 329 385 55 Chriſt ton Createur?

81 419 674 58 L’auteur en ce chef aſsigne la raiſon du prece¬

39 458 716 63 dent: d’autant que par iceluy il adit, qu’au moyen

36 497 719 62 de l’efficace & vertu de ſa Croix nous ne pouuons

38 543 715 62 par noz pechez eſtre damnez, non plus que IE¬

38 583 712 65 SVS CHRIST: car ilz ne ſont deſia plus noſtres,

33 620 719 90 mais ſiens: ſelon & ſuyuant l'eſchange cy deſſus

33 663 126 47 deduit.

296 759 169 50 .VIII.

82 839 545 65 Iſraël fut de Manne alimenté

29 886 721 81 Par quelque temps, & de ce ſubſtanté:

28 945 323 62 Souz vne figure

29 998 448 67 Qu'en vn temps prefix

26 1049 387 65 Dieu feroyt paſture

26 1099 395 72 De ſon propre Filz.

159 1155 507 77 Doys tu pas eſtre ayſe. &c

63 1241 681 69 Les enfans d'Iſraël mangerent le Man par qua

23 1291 714 66 rante ans: iuſques à ce qu’ilz fuſſent paruenuz aux

20 1325 678 72 fins de la terre de Canaam. Voyez le Chapitre.

60 1406 665 70 Or freres ie veux bien que vous ſachez que noz

22 1449 719 72 Peres ont tous eſté ſouz la nuée: & ont tous man¬

753 1288 130 58 Exo.16.e

749 1434 146 71 1.Cor.10.

477 1508 258 67 B gé d’une
