1015 1732
231 152 49 71 18

233 209 725 60 gé d’une meſme viande ſpirituelle, Et peu apres, Et

233 254 719 57 ces choſes ont eſté exemples & figures pour vous.

278 330 677 53 Apres la conſolation que deuons prendre en

236 376 715 54 la mort & Croix de noſtre Seigneur IESVS

239 417 716 49 CHRIST, l’auteur pourſuit la matierede la Cene,

238 457 716 51 &fait par ce cheſ brieſue deductiõ de l'origine d'i¬

239 496 715 58 celle: laquelle il monſtre auoir eſté figurée en l’an¬

238 541 717 49 cien teſtament, comme appert par le ſixieſme cha

241 580 713 62 pitre d’Exode, & par le dizieſme chapitre de la pre

241 622 600 66 miere aux Corinthiens cy deſſus allegué.

538 714 113 63 .IX.

290 814 580 53 Ores à nous eſt baillé & rendu

238 858 719 72 Chriſt lePain vif du haut Ciel deſcẽdu,

242 913 383 64 Qui eſt ſans feintiſe

239 971 449 60 De trop plus haut pris,

242 1018 383 68 Que cil que Moyſe

241 1072 389 66 Et les ſiens ont pris.

372 1124 513 69 Doys tu pas eſtre ayſe. &c

284 1212 679 55 Le pain que ie donneray, c’eſt ma chair laquelle

244 1257 720 50 ie donneray pour la vie du monde. Au meſme cha

246 1296 717 59 pitre en ſainct Iean noſtre Seigneur nous dit, que

244 1336 717 53 ſa chair eſt veritablemẽt viande, & ſon Sang breu

246 1378 714 53 uage, deſquelz noꝰ ſommes repeuz à vie eternelle.

246 1421 715 67 Leſquelz mots faut diligemment conſiderer: par

521 150 180 50 Chanſon

114 1257 89 56 ◊ean.6.

860 1463 101 58 ce que
