1021 1773
738 174 46 72 19

294 171 223 65 Spirituelle.

42 229 729 59 Ce que la promeſſe qui nous eſt faite en ces mots, le

45 276 723 52 pain que ie donneray & cet, nous enuoye à la croix

44 316 722 60 de IESVS CHRIST: ouelle a eſté pleinement ve

44 356 713 59 rifiée, & entierement accomplie. Car IESVS

44 400 716 59 CHRIST s’eſt appellé pain de vie, pource qu’il

39 441 718 53 nous auoyt eſté donné tel du Pere, & s’eſt monſtré

39 478 718 64 tel, quand s’eſtant fait participãt de noſtre humai

38 521 718 55 ne mortalité, il nous a auſsi faits participãs de ſon

38 562 715 60 immortalité diuine: quand ſe offrant en ſacrifice,

38 602 717 61 il s'eſt chargé de noſtre malediction, pour nous rẽ

38 644 717 60 plir de ſa benediction: quand en ſa mort il a de¬

38 687 715 54 uoré & englouty la mort: quand en ſa reſurre¬

36 726 716 58 ction il a reſuſcité en gloyre & incorruption no¬

35 769 656 84 ſtre chair corruptible: laquelle il auoit veſtuë.

330 929 64 44 .X.

82 1019 674 65 Manne le corps ſeulement nourriſ¬

150 1062 102 62 ſoit,

29 1105 726 85 Non pas l'eſprit, & ſoudain pourriſ.

78 1167 96 59 ſoit:

28 1207 348 75 Mais ceſte paſture

29 1278 492 56 Dont Chriſt nous nourrit,

31 1323 459 68 Touſiours ſans fin dure,

26 1379 337 68 Et point ne perit.

161 1427 441 81 Doys tu pas eſtre ayfe.

428 1487 315 71 B 2 En
