1015 1732
232 154 52 52 20

531 138 180 62 Chanſon

281 194 683 57 En verité, en verité, ie vous dy, Moyſe ne vous a

242 236 721 61 point donné le pain du Ciel: mais mon Pere vous

244 278 720 49 donne le vray Pain du Ciel: car celuy eſt le Pain

244 318 717 65 de Dieu, qui eſt deſcendu du Ciel, & donne vie au

245 372 127 50 monde.

258 440 707 53 Moyſe auſsi leur diſt: nul ne laiſſe d’iceluy iuſques

244 483 719 53 au lẽdemain: & n’obeyrẽt point à Moyſe, mais au

245 522 718 51 cuns en laiſſerẽt d’icelluy iuſques au lẽdemain, &

246 565 717 61 vermina des vers, & puyt: dont Moyſe fut courrou

245 613 211 52 cé contre eux.

290 685 673 55 A la ſimilitude du Pain qui nourrit, ſubſtante,

248 730 717 47 & conſerue la vie de noſtre corps: auſsi le corps de

248 770 716 48 IESVS CHRIST eſt la viande, la nourriture, &

245 808 715 53 conſeruation de noſtre vie ſpirituelle. Et le ſang

248 851 717 53 duquel à la ſimilitude du vin ſpirituellemẽt nous

248 893 537 58 conferme, conforte, recrée, & reſiouit.

537 967 109 73 .XI.

300 1065 665 81 Manger le corps du Seigneur Ieſus

353 1117 140 57 Chriſt,

251 1166 664 78 Boyre ſon ſang, ainſi qu’il eſt eſcrit:

249 1228 446 60 C’eſt fermement croyre

252 1274 413 61 Que dans noz eſprits

254 1329 446 58 Chriſt le Roy de gloyre

252 1381 423 82 Par Foy eſt compris.

129 261 73 49 ◊6.d

131 457 74 81 ◊16.d

843 1434 118 80 Doys
