1021 1773
741 165 49 78 21

274 183 223 62 Spirituelle.

181 243 517 65 Doys tu pas eſtre ayſe. &c

94 332 663 62 Pluſieurs donc de ſes diſciples, qui ouyrent ce

56 378 727 54 dirẽt: ceſte parolle eſt dure, qui la peut ouir? (Et peu

59 429 718 40 apres) C’eſt l’Eſprit qui viuifie: la chair ne profite

57 460 718 60 de rien. Les parolles que ie vous dy, ſont Eſprit

57 503 108 49 & vie.

96 589 682 43 Le corps de IESVS CHRIST eſt fait noſtre,

57 629 720 49 en tant qu’il a eſté liuré pour nous: & ſon ſang eſt

56 669 719 46 fait noſtre, en tant qu’il a eſté eſpandu pour nous:

57 706 721 60 & cognoiſtre ſon corps & ſon ſang auoir eſté faitz

56 760 716 39 noſtres en ceſte maniere, eſt poſſeder tout IESVS

59 793 715 55 CHRIST crucifié: & eſtre participans de tous ſes

57 836 718 54 biens. Et auons à tenir & penſer en cecy, que le ſa¬

54 874 723 59 crement eſt vne choſe ſpirituelle: par lequel noſtre

53 920 724 55 Seigneur n’a pas voulu repaiſtre noz ventres, mais

54 958 721 57 noz ames. Et y cerchons IESVS CHRIST, non

59 1000 716 56 pas pour noſtre corps, ny ainſi que par noz ſens

54 1040 718 54 charnelz il peut eſtre compris, mais tellement que

53 1080 718 57 I’ame le ſe voye preſentement donné & offert. En

54 1130 717 47 ſomme cõte ntons nous de l’auoir ſpirituellemẽt:

53 1170 721 44 car ainſi nous l’aurons pour Vie, ce qui eſt auoir re

51 1205 721 58 ceu tout le fruit qu’on peut receuoir du ſacrement.

323 1322 145 38 .XII.

106 1390 666 81 Mangez ce corps, (diſoyt le Sei¬

162 1446 242 72 gneur doux)

780 347 103 53 Iean.6.◊

446 1490 326 82 B 3 Prenez
