1015 1732
236 155 59 49 22

534 150 180 56 Chanſon

246 207 708 81 Prenez l’Hanap, & beuuez mon ſang

300 275 114 42 tous,

248 305 372 63 Faiſans la memoire

246 362 266 60 Et reduction

245 420 398 64 De ma mort notoire,

248 471 289 64 Et ma paſſion.

376 523 436 61 Doys tu pas eſtre ayſe

373 573 494 75 Pouure Homme pecheur,

376 626 429 61 De prendre à ton ayſe

376 675 379 61 Chriſt ton Createur?

287 769 676 52 Prenez, mangez, ce eſt mon corps, qui eſt liuré

246 812 607 49 pour vous: faites cecy en memoire de moy.

287 855 676 45 Quand noſtre Seigneur donna l’inſtitution de

242 893 721 49 ce ſacrement à ſes Apoſtres, il leur commanda de

242 933 721 49 Ie faire ainſi en la memoyre de ſoy. Ce que ſainct

244 977 716 52 Paul interprete annoncer la mort du Seigneur,

244 1016 714 53 vaut autant que publiquement, & tous enſemble,

242 1056 719 49 comme d’une bouche euidemment confeſſer tou

242 1099 719 47 te noſtreſiance de vie & de ſalut eſtre en la mort

241 1138 719 51 du Seigneur: afin que par noſtre confeſsion nous

239 1180 718 48 le glorifions: & par noſtre exemple exhortions les

239 1223 721 50 autres de luy donner meſme gloyre. Et en ce voyõs

235 1262 723 55 ou tend le but du ſacrement: c’eſt aſſauoyr de nous

233 1306 718 46 exercer en la memoyre de la mort de IESVS

235 1345 722 53 CHRIST. Laquelle mort nous cognoiſſons par

228 1384 727 55 Ia manducation ſpirituelle ce ſon corps, qui ſe fait

229 1426 722 66 par Foy: nous eſtre pleine, certaine, & eternelle vie.

128 272 75 38 ◊22.b

122 788 103 49 ◊or.11.e

856 1466 89 55 .XIII.
