1021 1773
738 177 51 62 23

311 159 223 64 Spirituelle.

314 218 178 67 .XIII.

109 314 672 68 Prendre ſon corps & ſon Sang aual

159 369 83 53 ler,

56 409 694 87 C'eſt viue Foy qui là nous fait aller,

56 471 444 63 Et nous fait apprendre

57 536 380 57 Ce que ne pourroyt

63 571 544 74 Tout Homme comprendre,

59 627 357 67 Si la Foy n’auoyt.

190 684 505 68 Doys tu pas eſtre ayſe. &c.

85 786 693 53 En ceſt endroit faut retenir, que par le ſigne bail

54 824 721 50 Ié en la Cene, la ſubſtance de la chair de IE¬

59 867 716 56 SVS CHRIST, & meſme ſon corps nous eſt don

54 910 721 56 né en verité. Car ſi quelqu’un ne vouloyt appeller

54 948 721 55 Dieu trõpeur, il n’oſera pas dire: qu’un ſigne vain

54 989 720 60 & vuide ſoit proposé par luy. Parquoy puis le Sei¬

57 1035 717 55 gneur nous repreſente au vray la participation de

53 1075 719 49 Ion corps ſous la fractiõ du pain: il n’ya nulle dou

54 1112 718 61 te, qu’il ne la baillequãt & quãt. Et tel & ſi grãt be

53 1162 715 48 nefice noꝰ eſlargiſt le Seigneur IESVS CHRIST

53 1198 716 49 par ſon ſainct Eſprit, par lequel no ſommes vniz

51 1236 718 55 Penſemble, & eſt comme canal & cõduit, par lequel

51 1278 715 60 tout ce que CHRIST eſt, & poſſede, deſcend iuſ¬

53 1323 715 52 ques à nous. Car ſi nous apperceuons à l’oeil que le

51 1362 717 56 Soleil luyſant ſur la terre, enuoye par ſes raiz

50 1405 718 57 aucunement ſa ſubſtance, pour engendrer,

53 1447 712 65 nourrir, & vegeter les fruits d’icelle. Pour¬

502 1495 275 63 B 4 quoj
