1015 1732
235 142 59 65 24

535 147 181 53 Chanſon

248 209 719 52 pourquoy la lueur & illumination de l’Eſprit de Ie

246 252 719 55 ſus Chriſt ſeroyt elle moindre, pour nous appor¬

248 291 717 53 ter la cõmunication de ſa Chair & de ſon ſang? Ve

249 334 716 47 ritabemẽt vne telle cõmunication de ſon corps &

249 373 718 57 de ſon ſãg nous teſtifie le Seigneur en ſa Cene, & de

249 414 718 53 fait l’offre & le baille à tous ceux qui recoyuẽt ce cõ

252 456 715 56 uiue ſpirituel, combien qu’il n’y ayt que les ſeulz fi

252 503 712 46 delles qui en participent, en tãt que par vraye foy,

252 544 715 46 ilz ſe rendent dignes d’auoyr iouyſſance d’un tel

252 580 716 49 benefice. A laquelle Foy l’auteur par ce chef ren¬

252 622 718 53 uoye toute perſonne fidelle: d’autant que par icel¬

254 661 714 54 Ie le Seigneur par ſon ſainct Eſprit, donne l’intelli

256 704 714 47 gence de la vraye manducation de ſon corps en la

254 750 714 51 Cene: ce qui ne ſe peut par parolles exprimer, ny

254 786 714 46 meſme par le ſeul Eſprit de l’Homme compren¬

254 825 716 49 dre ſans icelle Foy: à laquelle l’auteur ſtimule les

254 866 716 50 Lecteurs, pour laquelle obtenir faut ſoy humilier

254 916 717 40 par Orayſon deuãt Dieu: & ſe mettre en tout hors

254 948 717 53 de ſoy, c’eſt à dire deſpouiller toute cogitatiõ char

254 990 716 53 nelle. Alors nous cognoiſtrons par le ſainct Eſprit

252 1033 712 46 la vraye manducation du corps de IESVS

255 1073 715 49 CHRIST: & la participation que nous auons en

252 1109 611 61 ſa chair & en ſon ſang par ſa ſaincte Cene.

475 1195 232 60 .XIIII.

274 1244 691 60 Mais ne ſaillõs hors du diuin ſentier:

246 1291 693 84 Et ne penſons qu’il ſoit là tout entier.

245 1342 299 62 Il laiſſa la terre,

245 1397 292 76 Et pour verité

880 1477 85 47 Au
