1021 1773
747 183 39 60 25

279 177 223 60 Spirituelle.

60 240 386 61 Au Ciel il print erre

57 291 276 63 Eſtant ſuſcité.

193 347 513 63 Doys tu pas eſtre ayſe. &c.

98 438 677 55 Par ce chef & les deux autres ſubſequẽs l’auteur

59 480 715 54 retire les lecteurs de l’ydolatrie commune: & à la¬

62 521 715 53 quelle on voyt la plus grande partie du monde

60 561 622 55 chopper: & y eſtre miſerablement abiſinée.

101 641 672 63 Hommes de Galilée pourquoy vous arreſtez

60 684 718 50 vous, regardans au Ciel? ceſtuy IESVS, qui eſt eſle

60 723 715 54 ué d’auec vous au Ciel, viendra ainſi que vous l’a¬

62 763 311 54 uez veu aller au Ciel.

100 851 683 48 Pour abolir les folles reſueries & damnables

60 890 717 55 inuentions forgées par les miniſtres de Satan tou

62 938 710 40 chant la preſence locale du corps de IESVS

63 972 715 47 CHRIST: lequel ilz diſent & atteſtent au ſimple

62 1010 719 53 peuple conſiſter en preſence locale & attouchemẽt

60 1053 720 52 & pour obuier à ceſt erreur, ſaut tenir pour certain

62 1094 719 54 & indubitable, que comme IESVS CHRIST a

62 1139 713 53 veſtu & prins noſtre vraye chair, quand il eſt nay

60 1176 718 51 de la Vierge: & comme il a ſouffert en noſtre vraye

60 1217 714 52 chair, quand il a ſatiſfait pour nous: ainſi en reſu¬

57 1260 721 50 ſcitant il a receu & reprins noſtie vraye & celle meſ

59 1303 718 48 me chair: & à ſon Aſcenſion l'a trãſportée auCiel.

59 1340 716 57 Et ceſte eſt noſtre eſperance, que nous reſuſciterõs

62 1382 707 57 & irons au Ciel, d’autant que IESVS CHRIST

59 1422 716 56 eſt reſuſcité & y eſt monté. Or ceſte eſt la perpetuel

59 1464 713 69 Ie verité d’un corps, qu’il ſoit contenu en lieu: qu’il

783 652 103 54 Actes.1

718 1517 56 52 ayt
