1015 1732
238 140 63 75 26

539 138 178 51 Chanſon

246 190 717 53 ayt ſes certaines meſures, qu’il ayt ſa formeviſible.

249 238 715 52 Ce que leSeigneur a teſtifié par ces parolles, quand

248 274 717 50 il le donnoyt à ſes diſciples le iour cleuãt qu’il ſouf

245 317 720 48 friſt. Partant faut nyer pleinement la reſurrection

245 357 718 55 de la chair, ou confeſſer que quãd elle aura eſté re¬

245 399 722 49 ſuſcitée: elle ſera encore chair, laquelle en cela dif

246 441 718 58 fere de l’eſprit, qu’elle eſt cõpriſe en eſpace de lieu,

246 483 717 46 qu’elle eſt veuë, & qu’on la touche. Car à qui per¬

245 532 719 41 ſuaderont ces mẽſongiers & enfans de Satan noz

245 564 719 47 corps debuoir eſtre infiniz, apres qu’ilz ſeront re¬

244 603 720 56 ceuz en la gloyre & immortalité celeſte? Oreſt il

245 646 720 54 ainſi, teſioing Sainct Paul, qu’ilz ſeront tranſfor

244 688 721 53 mez pour eſtre ſemblables au corps glorieux du Sei

246 733 721 52 gneur. Parquoy qu’ilz ne attribuẽt point au corps

245 770 722 54 glorieux de CHRIST d’eſtre en pluſieurs lieux,

245 814 723 50 & n’eſtre compris en nulle eſpace: ſinon qu’ilz en

244 853 721 53 veullent autant confeſſer des noſtres: ce que nul (cõ

242 891 725 55 me ie penſe) ne confeſſeroit. Nous tenons pour veri

244 933 723 58 té irrefragable que tout ce qui a pleu à la puiſſance

245 975 715 48 de Dieu, a eſté fait. Or il luy a pleu que IESVS

248 1016 716 46 CHRIST feut fait ſemblable à ſes freres en toutes

244 1056 721 49 choſes, excepté peché. Mais ilz diſent: ne fera pas

246 1099 718 51 Dieu qu'un meſme corps occupe pluſieurs & di¬

245 1143 719 43 uers lieux? qu’il n’ayt point de forme ny meſure au

246 1180 719 55 cune? Ces inſenſez qui demãdent à la puiſſancede

246 1226 718 49 Dieu, qu’elle face qu’un corps ſoyt enſemblément

246 1264 718 53 corps & non corps: font autant cõme ſi lon reque¬

246 1301 717 51 royt qu’elle feit la lumiere eſtre enſemblément lu

245 1343 719 54 miere & tenebres. Mais elle veut la lumiere eſtre lu

246 1384 719 53 miere: les tenebres eſtretenebres, vn corps eſtre

248 1426 715 66 corps. Or ceſte eſt la condition du corps, qu’il con¬

141 627 94 58 ◊ip.3.d

896 1466 77 69 ſiſte
