1021 1773
60 240 714 48 ſiſte en vn lieu certain en ſa propre & certaine me

60 282 709 53 ſure, & en ſa forme. En celle condition IESVS

63 323 708 47 CHRIST a prins corps: auquel certes il a donné

59 367 715 45 incorruption & gloyre: mais il ne luy a point oſté

59 403 716 52 ſa nature & ſa verité. Car le teſmoignage de l'eſcri

59 449 713 50 ture eſt clair & euident, qu’il eſt monté au Ciel:

59 490 715 56 dont il doyt ainſi reuenir comme, on l’a veu

57 537 136 45 monter.

341 632 139 72 .XV.

110 738 666 62 Iamais ca bas Chriſt en corps ne

164 783 177 59 viendra,

62 836 709 78 Tant que iuger tous humains con¬

110 892 175 56 uiendra.

56 939 344 67 Alors la preſence

57 998 364 56 Du corps glorieux

56 1050 335 62 En magnificence

63 1100 429 65 Verrons de noz yeux.

184 1153 438 60 Doys tu pas eſtre ayſe.

97 1300 677 54 Combien que le Seigneur ayt trãſporté de nous

51 1340 723 48 ſa chair, & ſoyt en corps monté au Ciel: neãtmoins

53 1379 721 49 il eſt ſeat à la dextre de ſon Peresc'eſt à dire qu’il re

57 1428 715 50 gne en la puiſsãce, maieſté, & gloire du Pere. Ce re

54 1462 714 64 gne n’eſt point limité en aucunes eſpaces de lieux,

283 177 222 63 Spirituelle.

728 189 50 50 27

777 753 109 49 Matth.◊

774 794 119 57 Marc.1◊

780 842 113 69 Luc.1◊

740 1507 32 53 &
