<?xml version="1.0" encoding="UTF-8"?>
<alto xmlns:xsi="http://www.w3.org/2001/XMLSchema-instance"
      xmlns="http://www.loc.gov/standards/alto/ns-v4#"
      xsi:schemaLocation="http://www.loc.gov/standards/alto/ns-v4# http://www.loc.gov/standards/alto/v4/alto-4-2.xsd">
  <Description>
    <MeasurementUnit>pixel</MeasurementUnit>
    <sourceImageInformation>
      <fileName>31_fa2df_default.jpg</fileName>
      <fileIdentifier>https://www.e-rara.ch/i3f/v20/29432269/full/full/0/default.jpg</fileIdentifier>
    </sourceImageInformation>
  </Description>
  
  <Tags>
    <OtherTag ID="BT1420" LABEL="DamageZone" DESCRIPTION="block type DamageZone"/><OtherTag ID="BT1421" LABEL="DropCapitalZone" DESCRIPTION="block type DropCapitalZone"/><OtherTag ID="BT1422" LABEL="GraphicZone" DESCRIPTION="block type GraphicZone"/><OtherTag ID="BT1423" LABEL="MainZone" DESCRIPTION="block type MainZone"/><OtherTag ID="BT1424" LABEL="MarginTextZone" DESCRIPTION="block type MarginTextZone"/><OtherTag ID="BT1425" LABEL="MarginTextZone:handwrittenAddition" DESCRIPTION="block type MarginTextZone:handwrittenAddition"/><OtherTag ID="BT1426" LABEL="QuireMarksZone" DESCRIPTION="block type QuireMarksZone"/><OtherTag ID="BT1427" LABEL="StampZone" DESCRIPTION="block type StampZone"/><OtherTag ID="BT1428" LABEL="TitlePageZone" DESCRIPTION="block type TitlePageZone"/><OtherTag ID="BT1429" LABEL="NumberingZone" DESCRIPTION="block type NumberingZone"/><OtherTag ID="BT1460" LABEL="RunningTitleZone" DESCRIPTION="block type RunningTitleZone"/>
    <OtherTag ID="LT518" LABEL="DefaultLine" DESCRIPTION="line type DefaultLine"/><OtherTag ID="LT519" LABEL="DropCapitalLine" DESCRIPTION="line type DropCapitalLine"/><OtherTag ID="LT520" LABEL="HeadingLine" DESCRIPTION="line type HeadingLine"/>
  </Tags>
  
  <Layout>
    <Page WIDTH="1015"
          HEIGHT="1732"
          PHYSICAL_IMG_NR="27"
          ID="eSc_dummypage_">
      <PrintSpace HPOS="0"
                  VPOS="0"
                  WIDTH="1015"
                  HEIGHT="1732">
        
        <TextBlock HPOS="232"
                   VPOS="156"
                   WIDTH="82"
                   HEIGHT="65"
                   ID="eSc_textblock_4fc62044"
                   TAGREFS="BT1429">
          <Shape><Polygon POINTS="232 156 232 221 314 221 314 156"/></Shape>
          
          
          <TextLine ID="eSc_line_44305db1"
                    TAGREFS="LT518"
                    BASELINE="245 202 301 202" 
                    HPOS="245"
                    VPOS="152"
                    WIDTH="56"
                    HEIGHT="64">
            <Shape><Polygon POINTS="288 158 274 157 259 155 258 152 245 152 245 202 245 216 301 212 301 202 301 160 288 158"/></Shape>
	    <String CONTENT="28"
                    HPOS="245"
                    VPOS="152"
                    WIDTH="56"
                    HEIGHT="64"></String>
          </TextLine>

          
        </TextBlock>
        
        <TextBlock HPOS="514"
                   VPOS="152"
                   WIDTH="210"
                   HEIGHT="66"
                   ID="eSc_textblock_ad44a524"
                   TAGREFS="BT1460">
          <Shape><Polygon POINTS="514 152 514 218 724 218 724 152"/></Shape>
          
          
          <TextLine ID="eSc_line_0ec314bb"
                    TAGREFS="LT520"
                    BASELINE="529 200 713 200" 
                    HPOS="529"
                    VPOS="155"
                    WIDTH="184"
                    HEIGHT="57">
            <Shape><Polygon POINTS="661 155 659 155 645 155 633 155 623 165 593 165 568 155 558 155 547 155 541 157 529 171 529 200 529 209 711 212 713 200 708 176 703 164"/></Shape>
	    <String CONTENT="Chanſon"
                    HPOS="529"
                    VPOS="155"
                    WIDTH="184"
                    HEIGHT="57"></String>
          </TextLine>

          
        </TextBlock>
        
        <TextBlock HPOS="227"
                   VPOS="216"
                   WIDTH="756"
                   HEIGHT="1277"
                   ID="eSc_textblock_f03243f8"
                   TAGREFS="BT1423">
          <Shape><Polygon POINTS="234 216 227 1493 722 1492 983 1341 981 218"/></Shape>
          
          
          <TextLine ID="eSc_line_b2a7b8ff"
                    TAGREFS="LT518"
                    BASELINE="254 254 970 254" 
                    HPOS="254"
                    VPOS="215"
                    WIDTH="716"
                    HEIGHT="52">
            <Shape><Polygon POINTS="961 229 947 228 932 226 918 226 903 225 889 223 874 223 860 222 859 220 316 215 314 215 313 215 311 215 284 222 255 215 254 254 254 267 970 262 970 254 970 229 961 229"/></Shape>
	    <String CONTENT="&amp; n’eſt point determiné en aucunes meſures, que"
                    HPOS="254"
                    VPOS="215"
                    WIDTH="716"
                    HEIGHT="52"></String>
          </TextLine>

          
          
          <TextLine ID="eSc_line_23d42e47"
                    TAGREFS="LT518"
                    BASELINE="259 295 967 291" 
                    HPOS="258"
                    VPOS="261"
                    WIDTH="709"
                    HEIGHT="40">
            <Shape><Polygon POINTS="259 295 259 301 965 300 967 291 964 262 258 261 259 295"/></Shape>
	    <String CONTENT="IESVS CHRIST ne monſtre ſa vertu par tout"
                    HPOS="258"
                    VPOS="261"
                    WIDTH="709"
                    HEIGHT="40"></String>
          </TextLine>

          
          
          <TextLine ID="eSc_line_fd0090e0"
                    TAGREFS="LT518"
                    BASELINE="255 334 965 334" 
                    HPOS="255"
                    VPOS="297"
                    WIDTH="710"
                    HEIGHT="46">
            <Shape><Polygon POINTS="255 334 255 343 965 343 965 334 965 305 929 297 928 297 926 297 925 297 906 305 899 298 899 297 898 297 896 297 895 297 893 297 861 305 833 297 831 297 830 297 828 297 799 307 680 307 665 297 664 297 662 297 661 297 613 305 602 297 600 297 599 297 521 297 519 297 518 297 483 305 462 297 460 297 389 297 388 297 386 297 362 305 319 297 317 297 316 297 314 297 300 307 255 307 255 334"/></Shape>
	    <String CONTENT="ou il luy plaiſt, au Ciel &amp; en la terre: qu’il ne ſe de¬"
                    HPOS="255"
                    VPOS="297"
                    WIDTH="710"
                    HEIGHT="46"></String>
          </TextLine>

          
          
          <TextLine ID="eSc_line_837ed92c"
                    TAGREFS="LT518"
                    BASELINE="255 375 968 378" 
                    HPOS="254"
                    VPOS="339"
                    WIDTH="714"
                    HEIGHT="50">
            <Shape><Polygon POINTS="255 375 254 385 259 389 261 389 262 389 264 389 967 383 968 378 968 349 951 340 950 340 948 340 882 347 872 340 870 340 869 340 867 340 745 347 739 347 736 347 703 340 701 340 623 347 613 347 609 347 576 339 574 339 573 339 255 344 255 375"/></Shape>
	    <String CONTENT="clare preſent par puiſſance &amp; vertu, qu’il n’aſsiſte"
                    HPOS="254"
                    VPOS="339"
                    WIDTH="714"
                    HEIGHT="50"></String>
          </TextLine>

          
          
          <TextLine ID="eSc_line_eb32d18b"
                    TAGREFS="LT518"
                    BASELINE="254 417 968 417" 
                    HPOS="254"
                    VPOS="381"
                    WIDTH="714"
                    HEIGHT="46">
            <Shape><Polygon POINTS="254 417 254 427 968 427 968 417 968 389 947 381 945 381 944 381 942 381 916 389 807 381 805 381 804 381 776 389 756 381 755 381 753 381 752 381 727 389 714 381 713 381 711 381 710 381 708 381 707 381 695 389 560 382 558 382 515 389 463 381 462 381 460 381 459 381 459 382 451 388 446 382 444 382 443 382 441 382 440 382 438 382 430 391 346 391 313 381 311 381 310 381 308 381 307 381 294 391 254 391 254 417"/></Shape>
	    <String CONTENT="toaſiours aux ſiens, viue en eux, les ſonſtienne, les"
                    HPOS="254"
                    VPOS="381"
                    WIDTH="714"
                    HEIGHT="46"></String>
          </TextLine>

          
          
          <TextLine ID="eSc_line_4be68ff7"
                    TAGREFS="LT518"
                    BASELINE="255 460 968 457" 
                    HPOS="254"
                    VPOS="420"
                    WIDTH="714"
                    HEIGHT="47">
            <Shape><Polygon POINTS="255 460 255 467 967 464 968 457 963 420 948 427 903 420 898 420 896 420 895 420 893 420 880 427 753 420 730 420 729 420 727 420 726 420 717 427 707 421 707 420 706 420 704 420 703 420 701 420 700 420 700 421 693 428 583 428 525 421 521 421 519 421 516 421 473 428 254 422 255 460"/></Shape>
	    <String CONTENT="conferme, leur donne vigueur, &amp; leur ſerue: nõ pas"
                    HPOS="254"
                    VPOS="420"
                    WIDTH="714"
                    HEIGHT="47"></String>
          </TextLine>

          
          
          <TextLine ID="eSc_line_5d855cf9"
                    TAGREFS="LT518"
                    BASELINE="256 500 970 497" 
                    HPOS="255"
                    VPOS="463"
                    WIDTH="715"
                    HEIGHT="45">
            <Shape><Polygon POINTS="256 500 256 506 968 508 970 497 967 470 617 463 616 463 615 463 613 463 613 464 612 464 607 470 301 464 300 464 255 471 256 500"/></Shape>
	    <String CONTENT="moins, que s’il eſtoyt preſent corporellement. En"
                    HPOS="255"
                    VPOS="463"
                    WIDTH="715"
                    HEIGHT="45"></String>
          </TextLine>

          
          
          <TextLine ID="eSc_line_db6e0308"
                    TAGREFS="LT518"
                    BASELINE="255 539 967 542" 
                    HPOS="254"
                    VPOS="503"
                    WIDTH="713"
                    HEIGHT="51">
            <Shape><Polygon POINTS="254 545 275 552 277 552 278 554 965 554 967 542 965 512 557 512 545 506 538 503 537 503 535 503 521 506 498 510 488 506 483 503 482 503 480 503 469 505 443 510 430 505 425 503 424 503 423 503 394 505 287 510 256 503 255 539 254 545"/></Shape>
	    <String CONTENT="ſomme qu’il ne les nourriſſe de ſon propre corps:"
                    HPOS="254"
                    VPOS="503"
                    WIDTH="713"
                    HEIGHT="51"></String>
          </TextLine>

          
          
          <TextLine ID="eSc_line_7d285126"
                    TAGREFS="LT518"
                    BASELINE="256 581 968 581" 
                    HPOS="256"
                    VPOS="545"
                    WIDTH="712"
                    HEIGHT="46">
            <Shape><Polygon POINTS="256 581 256 591 968 588 968 581 968 554 352 545 350 545 349 545 317 552 268 545 267 545 265 545 264 545 256 549 256 581"/></Shape>
	    <String CONTENT="duquel il fait decouler la participation en eux par"
                    HPOS="256"
                    VPOS="545"
                    WIDTH="712"
                    HEIGHT="46"></String>
          </TextLine>

          
          
          <TextLine ID="eSc_line_6c1ff8ce"
                    TAGREFS="LT518"
                    BASELINE="255 623 968 623" 
                    HPOS="255"
                    VPOS="584"
                    WIDTH="713"
                    HEIGHT="48">
            <Shape><Polygon POINTS="255 623 255 632 968 629 968 623 968 591 942 584 941 584 939 584 938 584 937 584 924 591 922 593 906 591 834 584 833 584 831 584 808 590 798 593 773 590 726 584 724 584 723 584 721 584 721 585 717 590 713 594 685 594 678 588 672 584 671 584 669 584 628 584 626 584 625 584 623 584 617 588 609 594 541 594 521 587 512 584 511 584 509 584 493 587 459 593 450 585 449 584 447 584 446 584 444 584 443 584 436 585 414 591 405 585 404 584 402 584 401 584 399 584 398 584 395 585 376 594 317 594 255 584 255 623"/></Shape>
	    <String CONTENT="la vertu de ſon Eſprit. Ceſte eſt la preſence du"
                    HPOS="255"
                    VPOS="584"
                    WIDTH="713"
                    HEIGHT="48"></String>
          </TextLine>

          
          
          <TextLine ID="eSc_line_a2219574"
                    TAGREFS="LT518"
                    BASELINE="255 662 968 665" 
                    HPOS="254"
                    VPOS="626"
                    WIDTH="714"
                    HEIGHT="50">
            <Shape><Polygon POINTS="255 662 254 668 295 676 297 676 967 674 968 665 965 627 889 637 830 637 817 629 817 627 815 627 814 627 812 627 805 629 772 637 740 637 733 629 732 629 732 627 730 627 729 627 727 627 726 627 719 629 698 635 643 630 610 627 609 627 607 627 606 627 602 630 594 635 581 630 567 626 565 626 564 626 563 626 552 630 545 635 537 632 526 626 525 626 524 626 522 626 503 632 496 633 490 632 473 626 472 626 470 626 469 626 454 632 447 635 255 635 255 662"/></Shape>
	    <String CONTENT="corps que requiert le Sacrement: laquelle nous y di"
                    HPOS="254"
                    VPOS="626"
                    WIDTH="714"
                    HEIGHT="50"></String>
          </TextLine>

          
          
          <TextLine ID="eSc_line_0eb91861"
                    TAGREFS="LT518"
                    BASELINE="254 702 970 705" 
                    HPOS="252"
                    VPOS="666"
                    WIDTH="718"
                    HEIGHT="47">
            <Shape><Polygon POINTS="254 702 252 713 968 713 970 705 968 668 903 675 892 668 890 668 889 668 887 668 886 668 860 676 674 676 652 668 649 668 648 668 646 668 645 668 642 668 619 675 578 669 561 666 560 666 534 669 490 674 254 671 254 702"/></Shape>
	    <String CONTENT="ſons eſtre &amp; apparoiſtre en ſi grande vertu &amp; effi¬"
                    HPOS="252"
                    VPOS="666"
                    WIDTH="718"
                    HEIGHT="47"></String>
          </TextLine>

          
          
          <TextLine ID="eSc_line_6707eb78"
                    TAGREFS="LT518"
                    BASELINE="255 746 971 746" 
                    HPOS="255"
                    VPOS="711"
                    WIDTH="716"
                    HEIGHT="46">
            <Shape><Polygon POINTS="255 746 255 754 970 757 971 746 964 717 255 711 255 746"/></Shape>
	    <String CONTENT="cace, que non ſeulement elle apporte à noz ames"
                    HPOS="255"
                    VPOS="711"
                    WIDTH="716"
                    HEIGHT="46"></String>
          </TextLine>

          
          
          <TextLine ID="eSc_line_f294e91e"
                    TAGREFS="LT518"
                    BASELINE="255 788 970 783" 
                    HPOS="254"
                    VPOS="753"
                    WIDTH="716"
                    HEIGHT="42">
            <Shape><Polygon POINTS="255 788 255 795 968 792 970 783 967 756 254 753 255 788"/></Shape>
	    <String CONTENT="vne indubitable conſiance de lavie eternelle: mais"
                    HPOS="254"
                    VPOS="753"
                    WIDTH="716"
                    HEIGHT="42"></String>
          </TextLine>

          
          
          <TextLine ID="eSc_line_38be1378"
                    TAGREFS="LT518"
                    BASELINE="254 828 970 828" 
                    HPOS="254"
                    VPOS="790"
                    WIDTH="716"
                    HEIGHT="48">
            <Shape><Polygon POINTS="254 828 254 838 970 834 970 828 970 796 808 790 807 790 752 796 737 798 730 796 701 790 700 790 672 796 667 798 665 796 656 790 655 790 654 790 652 790 623 796 619 798 615 798 594 790 593 790 591 790 539 798 532 798 525 798 472 790 470 790 384 798 381 798 372 790 371 790 369 790 304 790 303 790 254 798 254 828"/></Shape>
	    <String CONTENT="auſsi elle nous rẽd certains &amp; aſſeurez de l’immor"
                    HPOS="254"
                    VPOS="790"
                    WIDTH="716"
                    HEIGHT="48"></String>
          </TextLine>

          
          
          <TextLine ID="eSc_line_fc72628e"
                    TAGREFS="LT518"
                    BASELINE="251 870 968 867" 
                    HPOS="249"
                    VPOS="829"
                    WIDTH="719"
                    HEIGHT="47">
            <Shape><Polygon POINTS="885 829 873 829 869 834 869 835 866 834 851 829 841 829 840 829 831 834 827 837 742 837 740 834 734 829 726 829 711 829 697 829 684 829 680 834 677 835 664 834 636 829 625 829 622 829 613 834 604 838 577 838 573 832 568 829 567 829 560 829 557 832 552 837 541 832 531 829 529 829 528 829 526 829 519 832 512 837 508 832 503 829 495 829 489 829 477 832 462 837 447 832 437 829 437 829 424 829 421 832 412 838 368 838 362 832 359 829 350 829 336 829 321 829 319 829 316 832 310 837 249 832 251 870 251 876 967 873 968 867 964 835 903 835 900 834 889 829 885 829"/></Shape>
	    <String CONTENT="talité de noſtre chair: laquelle deſia vient à eſtre vi"
                    HPOS="249"
                    VPOS="829"
                    WIDTH="719"
                    HEIGHT="47"></String>
          </TextLine>

          
          
          <TextLine ID="eSc_line_ab956a9a"
                    TAGREFS="LT518"
                    BASELINE="252 912 971 909" 
                    HPOS="251"
                    VPOS="873"
                    WIDTH="720"
                    HEIGHT="49">
            <Shape><Polygon POINTS="252 912 252 922 971 913 971 909 961 880 770 873 769 873 768 873 747 880 274 874 272 874 271 874 251 881 252 912"/></Shape>
	    <String CONTENT="uifiée par la chair de IESVS CHRIST immortel"
                    HPOS="251"
                    VPOS="873"
                    WIDTH="720"
                    HEIGHT="49"></String>
          </TextLine>

          
          
          <TextLine ID="eSc_line_dedb3bb8"
                    TAGREFS="LT518"
                    BASELINE="249 952 970 948" 
                    HPOS="248"
                    VPOS="912"
                    WIDTH="722"
                    HEIGHT="65">
            <Shape><Polygon POINTS="249 952 249 964 453 971 454 971 456 971 457 971 457 969 460 968 463 965 467 968 479 977 480 977 482 977 483 977 485 977 511 968 532 962 555 962 564 969 568 972 568 974 570 974 571 974 573 974 574 974 586 969 604 962 617 971 626 977 628 977 629 977 630 977 700 971 781 965 791 972 792 974 792 975 794 975 795 975 796 975 808 974 831 968 843 974 846 975 847 975 848 975 867 974 937 968 967 975 970 948 968 919 958 912 957 912 955 912 954 912 781 919 778 919 768 912 766 912 765 912 763 912 762 912 733 919 724 920 697 919 620 913 619 913 561 917 525 920 509 917 488 913 486 913 485 913 470 917 451 922 248 916 249 952"/></Shape>
	    <String CONTENT="le, &amp; communique en quelque maniere à ſon im¬"
                    HPOS="248"
                    VPOS="912"
                    WIDTH="722"
                    HEIGHT="65"></String>
          </TextLine>

          
          
          <TextLine ID="eSc_line_22333f16"
                    TAGREFS="LT518"
                    BASELINE="249 993 420 990" 
                    HPOS="248"
                    VPOS="967"
                    WIDTH="172"
                    HEIGHT="44">
            <Shape><Polygon POINTS="407 988 392 990 378 987 363 988 349 988 334 990 320 990 306 990 291 991 281 967 281 967 248 968 249 993 249 1004 264 1011 265 1011 267 1011 268 1011 285 1004 287 1004 291 1004 327 1011 329 1011 330 1011 340 1007 349 1003 418 1008 420 990 418 988 407 988"/></Shape>
	    <String CONTENT="mortalité."
                    HPOS="248"
                    VPOS="967"
                    WIDTH="172"
                    HEIGHT="44"></String>
          </TextLine>

          
          
          <TextLine ID="eSc_line_f6074fb7"
                    TAGREFS="LT520"
                    BASELINE="505 1108 680 1114" 
                    HPOS="503"
                    VPOS="1063"
                    WIDTH="177"
                    HEIGHT="68">
            <Shape><Polygon POINTS="664 1109 648 1109 633 1111 619 1111 610 1081 594 1066 594 1065 593 1065 591 1065 590 1065 589 1065 565 1075 538 1063 537 1063 535 1063 534 1063 532 1063 513 1078 505 1101 505 1108 503 1117 591 1131 593 1131 594 1131 616 1122 619 1122 677 1125 680 1114 678 1112 677 1112"/></Shape>
	    <String CONTENT=".XVI."
                    HPOS="503"
                    VPOS="1063"
                    WIDTH="177"
                    HEIGHT="68"></String>
          </TextLine>

          
          
          <TextLine ID="eSc_line_0a35ec2b"
                    TAGREFS="LT518"
                    BASELINE="298 1203 973 1200" 
                    HPOS="297"
                    VPOS="1157"
                    WIDTH="676"
                    HEIGHT="58">
            <Shape><Polygon POINTS="961 1164 947 1164 932 1164 926 1164 924 1166 919 1167 915 1166 911 1163 903 1163 889 1163 874 1163 869 1163 860 1166 854 1167 847 1166 830 1161 817 1161 802 1161 791 1161 782 1166 781 1166 755 1160 745 1160 737 1166 736 1167 719 1166 658 1161 656 1161 599 1167 574 1169 570 1167 558 1157 557 1157 555 1157 554 1157 552 1157 526 1167 525 1167 511 1157 509 1157 508 1157 470 1157 469 1157 467 1157 449 1167 446 1169 414 1169 414 1167 404 1158 404 1157 398 1158 384 1160 382 1160 340 1167 332 1169 327 1167 319 1163 311 1164 297 1164 298 1203 298 1215 973 1213 973 1200 971 1166 961 1161 961 1164"/></Shape>
	    <String CONTENT="Laiſſons là donc ces maudits bat¬"
                    HPOS="297"
                    VPOS="1157"
                    WIDTH="676"
                    HEIGHT="58"></String>
          </TextLine>

          
          
          <TextLine ID="eSc_line_fbbd51f4"
                    TAGREFS="LT518"
                    BASELINE="363 1255 521 1255" 
                    HPOS="363"
                    VPOS="1213"
                    WIDTH="158"
                    HEIGHT="55">
            <Shape><Polygon POINTS="363 1255 363 1261 519 1268 521 1255 521 1225 492 1216 490 1216 489 1216 433 1222 424 1215 424 1213 423 1213 421 1213 420 1213 363 1222 363 1255"/></Shape>
	    <String CONTENT="teleurs,"
                    HPOS="363"
                    VPOS="1213"
                    WIDTH="158"
                    HEIGHT="55"></String>
          </TextLine>

          
          
          <TextLine ID="eSc_line_353d0b5c"
                    TAGREFS="LT518"
                    BASELINE="249 1307 968 1304" 
                    HPOS="248"
                    VPOS="1265"
                    WIDTH="720"
                    HEIGHT="62">
            <Shape><Polygon POINTS="955 1270 950 1267 252 1265 248 1267 249 1307 249 1327 337 1317 395 1317 411 1324 414 1326 415 1326 417 1326 418 1326 421 1324 438 1317 505 1323 537 1326 538 1326 539 1326 541 1326 544 1323 551 1317 577 1322 600 1326 602 1326 629 1322 652 1317 694 1320 756 1324 758 1324 759 1324 773 1319 782 1316 967 1316 968 1304 965 1273 955 1270"/></Shape>
	    <String CONTENT="Sorciers, trompeurs &amp; charmeurs cau¬"
                    HPOS="248"
                    VPOS="1265"
                    WIDTH="720"
                    HEIGHT="62"></String>
          </TextLine>

          
          
          <TextLine ID="eSc_line_166f76aa"
                    TAGREFS="LT518"
                    BASELINE="304 1359 440 1356" 
                    HPOS="303"
                    VPOS="1314"
                    WIDTH="137"
                    HEIGHT="57">
            <Shape><Polygon POINTS="304 1359 304 1363 369 1371 371 1371 440 1361 440 1356 437 1324 365 1323 365 1322 358 1316 358 1314 356 1314 355 1314 353 1314 303 1320 304 1359"/></Shape>
	    <String CONTENT="teleux:"
                    HPOS="303"
                    VPOS="1314"
                    WIDTH="137"
                    HEIGHT="57"></String>
          </TextLine>

          
          
          <TextLine ID="eSc_line_c20d895d"
                    TAGREFS="LT518"
                    BASELINE="248 1413 568 1410" 
                    HPOS="246"
                    VPOS="1359"
                    WIDTH="322"
                    HEIGHT="62">
            <Shape><Polygon POINTS="248 1413 248 1421 568 1415 568 1410 565 1375 477 1359 476 1359 475 1359 473 1359 459 1371 451 1375 444 1369 431 1361 430 1361 428 1361 427 1361 425 1361 408 1368 388 1378 303 1378 285 1363 282 1361 281 1361 280 1361 278 1361 246 1361 248 1413"/></Shape>
	    <String CONTENT="Et ces cabaliſtes"
                    HPOS="246"
                    VPOS="1359"
                    WIDTH="322"
                    HEIGHT="62"></String>
          </TextLine>

          
          
          <TextLine ID="eSc_line_c2ebca67"
                    TAGREFS="LT518"
                    BASELINE="258 1464 732 1464" 
                    HPOS="258"
                    VPOS="1421"
                    WIDTH="474"
                    HEIGHT="72">
            <Shape><Polygon POINTS="720 1434 706 1433 704 1431 516 1431 509 1427 501 1421 499 1421 498 1421 449 1421 447 1421 446 1421 444 1421 444 1423 441 1426 438 1428 430 1424 424 1423 423 1423 421 1423 420 1423 418 1423 418 1424 417 1424 411 1431 353 1431 339 1424 337 1424 336 1424 334 1424 307 1431 295 1423 295 1421 294 1421 293 1421 258 1421 258 1464 258 1488 398 1493 399 1493 401 1493 402 1493 402 1492 407 1489 412 1483 501 1489 511 1489 512 1489 513 1489 531 1480 560 1489 565 1490 567 1490 568 1490 570 1490 573 1489 594 1480 730 1489 732 1464 727 1447 720 1434"/></Shape>
	    <String CONTENT="Forgcans Dieu nouueau,"
                    HPOS="258"
                    VPOS="1421"
                    WIDTH="474"
                    HEIGHT="72"></String>
          </TextLine>

          
        </TextBlock>
        
        <TextBlock HPOS="875"
                   VPOS="1467"
                   WIDTH="106"
                   HEIGHT="72"
                   ID="eSc_textblock_6c79466d"
                   TAGREFS="BT1426">
          <Shape><Polygon POINTS="875 1467 875 1539 981 1539 981 1467"/></Shape>
          
          
          <TextLine ID="eSc_line_93364c3e"
                    TAGREFS="LT518"
                    BASELINE="890 1516 970 1514" 
                    HPOS="889"
                    VPOS="1472"
                    WIDTH="81"
                    HEIGHT="57">
            <Shape><Polygon POINTS="961 1480 931 1475 916 1473 902 1472 900 1472 889 1501 890 1516 890 1525 967 1529 970 1514 968 1502 961 1480"/></Shape>
	    <String CONTENT="Par"
                    HPOS="889"
                    VPOS="1472"
                    WIDTH="81"
                    HEIGHT="57"></String>
          </TextLine>

          
        </TextBlock>
        

        
      </PrintSpace>
    </Page>
  </Layout>
</alto>
