1021 1773
719 168 53 66 29

279 153 220 67 Spirituelle.

53 215 397 58 Par leurs exorciſmes

60 265 452 68 Trompans le troupeau.

183 326 437 64 Doys tu pas eſtre ayſe

178 373 492 71 Pouure Homme pecheur,

178 431 424 59 De prendre à ton ayſe

180 478 384 65 Chriſt ton Createur?

93 579 675 53 Puis que l’eſcriture nous a diligemment expli¬

51 611 718 61 qué l’Aſcenſion de IESVS CHRIST: par laquel

51 651 717 59 Ie il a retyré de noſtre veuë la preſence de ſon

51 695 717 55 corps, & auſsi ſa conuerſation, pour nous oſter tou

51 737 718 62 te charnelle pensée de luy: & touteſfoys & quantes

53 778 704 64 qu’elle fait mention de IESVS CHRIST: elle

53 824 710 56 nous admonneſte d’eſleuer noz eſprits en haut,

51 859 711 52 & de le cercher au Ciel ſeant à la dextre du Pere.

53 901 712 54 Parquoy ceux qui ont controuué l’adoration du

51 941 715 56 ſacrement, ilz l’ont ſongée d’eux meſmes outre l’eſ

51 989 717 54 criture, en laquelle il ne s’en peut montrer vn mot

54 1023 712 62 ce qui n’eut pointeſté oublié, ſi elle eut eſté aggrea

54 1065 712 56 ble à Dieu. Et pourtant ilz ont meſpriſé Dieu: le¬

56 1106 709 67 quel ne deffend pas moins d’adiouſter à ſon eſcri

56 1148 712 59 ture, que d’en rien oſter, & en ſe forgeãt vn Dieu à

54 1187 709 57 leur plaiſir & volunté, ilz ont delaiſsé le Dieu vi¬

56 1235 710 54 uant: par ce qu’ilz ont adoré les dons au lieu du do

54 1275 711 56 nateur meſme. En quoy ilz ont doublement fail¬

54 1312 711 56 Iy. car l’honneur a eſté rauy à Dieu, pour le tranſfe

56 1356 710 53 rer à la creature. Et Dieu auſsi a eſté deshonnoré

56 1393 710 63 en ce, qu’on a pollu & prophané ſon don & bene

56 1443 710 68 fice: quand de ſon ſainct Sacrement on a fait vn

772 805 118 54 Colloſ.◊

766 1115 129 52 Deuter.◊

679 1487 90 62 Idole
