1015 1732
236 145 62 75 30

537 138 179 52 Chanſon

249 200 724 49 idole treſexecrable. Nous au contraire, afin que ne

252 238 719 57 tombions en meſme foſſe, fichons entieremẽt noz

252 281 719 49 oreilles, noz yeux, noz cueurs, noz pẽſées, et noz

252 318 721 52 Iangues en la treſſacrée doctrine de Dieu: car elle

254 362 716 55 eſt l’eſcolle du ſainct Eſprit tresbon maiſtre: en la¬

255 399 715 62 quelle on proffite tellement qu’il n’eſt meſtier d’y

254 443 716 53 rien adiouſter d’ailleurs: & eſt à ignorer volũtiers,

255 482 715 57 tout ce qu’en icelle n’eſt point enſeigné. Crucifiõs

256 529 714 46 noz membres de pechez, eſtans vrays adorateurs

256 564 712 55 adorans le Pere en eſprit & verité: non en cho¬

252 606 718 52 ſes viſibies ny en vmbres: ne croyãs plus à ces dam

254 648 714 56 nez & mauditz antechriſtz, & raſez ſacrificateurs,

256 689 709 55 qui decoyuent les ſimples brebis de IESVS

258 733 710 56 CHRIST: & leur font à croyre, que par prononcia

254 772 716 53 tions, croix, ſouflemens, ſignes, mines, chimagrées

252 814 713 50 tourdions, battelleries, & tours de paſſe paſſe de ni

256 855 707 55 gromãciens & enchãteurs: que IESVS CHRIST

252 893 716 52 deſcend corporellement dedãs le pain ſans leuain:

254 938 714 55 & que par la vertu & efficace de leurs parolles & in

252 981 713 48 tentiõs que le pain ne ſoyt plus pain: ny levin, vin.

255 1016 715 52 A quoy ſouſtenir & deffendre ilz ne ſont point

252 1057 718 52 munys de la parolle de Dieu: mais des armes de

252 1098 715 58 Ieur pere de menſonge Satan: qui ſont priſons,

255 1138 712 59 bãniſſemens, perſecutions, croix, fuſtigatios, feux,

255 1180 712 52 & finalement la mort. Touteſſoys quelque man¬

252 1226 715 49 teau playſant, & belle apparence qu’ayt ceſte idole:

254 1262 713 52 & tãt ſoit elle bien plantée & maintenue par ces en

255 1309 712 53 greſſez & tonduz, ne ſe pourra faire: que ceſte tran

254 1345 711 68 chante coignée, c’eſt à dire la parolle de Dieu viue,

252 1387 397 63 ne l’abbateius, & mette bas.

863 1407 101 82 .XVII.
