1021 1773
734 187 41 87 31

268 171 225 62 Spirituelle.

268 240 229 67 .XVII.

97 376 640 58 Conuenons tous en louäble vnité,

47 422 685 65 Ayans en nous Chreſtienne Charité,

47 471 381 57 Pour en ce Conuiue

47 524 341 65 De pain & de vin

44 582 403 59 Manger la chair viue

47 632 381 63 Du Roy ſouuerain.

175 692 439 73 Doys tu pas eſtre ayſe

171 747 496 68 Pouure Homme pecheur,

171 799 421 68 De prendre à ton ayſe

174 855 385 62 Chriſt ton Createur?

88 1004 675 55 Noſtre Seigneur par ſa ſaincte Cene nous com

47 1041 716 61 munique ſon corps: lequel eſt entierement fait vn

48 1087 715 56 auec nous, & nous auec luy. Or puis qu’il n’a qu’un

45 1124 718 56 corps, duquel il nous fait tous participans, il faut

45 1167 718 56 neceſſairement que par ceſte participation nous

45 1211 718 50 ſoyons faits auſsi tous enſembie vn corps, laquelle

50 1247 713 53 vnité nous eſt repreſentée par le pain, qui nous

50 1285 713 63 eſt offert pour ſacrement. Car comme il eſt fait de

51 1332 712 58 pluſieurs grains de bled, qui y ſont tellement

50 1371 712 57 meſlez & confuz enſemble, qu’on ne pour¬

50 1411 710 54 royt diſcerner, ne ſeparer l’un d’auec l’autre:

48 1453 715 62 en ceſte maniere nous deuons auſsi eſtre

700 1508 62 67 par
