1015 1732
242 132 53 67 32

541 132 182 67 Chanſon

256 193 715 58 par accord de voluntez tellement conioints & aſ¬

252 239 721 45 ſemblez entre nous: qu’il n’y ayt aucune noyſe ne

254 272 717 61 diuiſion. Sainct Auguſtin a ſouuent appellé ce ſa¬

255 316 719 54 crement lien de Charité. Car il n’y a aguillon qui

256 353 720 58 ſoyt plus piquant à nous inciter d’auoir mutuelle

258 398 712 58 Charité entre nous: que quãd IESVS CHRIST

259 444 717 52 en ſe donnant à nous, non ſeulement nous cõuie

261 489 713 43 & nous monſtre par ſon exemple, que nous nous

259 522 717 56 donnions & expoſiõs mutuellement les vns pour

258 562 715 58 les autres: mais d’autant qu’ilſe fait cõmun à tous,

261 601 706 65 il nous fait auſsi vrayement eſtre tous vn en luy.

480 704 276 60 .XVII.

310 793 666 64 Freres & Soeurs layſſons hayne &

347 853 204 50 courroux.

252 890 719 74 Cõformõs nous à leſus noſtreEſpoux,

256 952 419 69 Qui eſt le ſigne ample,

252 1003 338 63 De ce ie ſuis ſeur:

252 1056 365 61 Et le vray exemple

252 1108 352 59 De toute douceur.

384 1163 434 65 Doys tu pas eſtre ayſe.

284 1257 687 50 Nous aurons beaucoup proffité au Sacrement, ſi

254 1291 711 59 ceſte cognoiſſance eſt engrauée & imprimée de¬

255 1337 712 44 dans noz cueurs, que nul des freres ne peut eſtre de

255 1375 712 52 nous bleſsé, diffamé, moqué, meſprisé, ou en aucu

255 1418 715 65 ne maniere offensé, que enſemblément nous ne

821 1457 146 52 bleſsions
