1021 1773
756 183 40 72 33

326 166 225 70 Spirituelle.

67 218 723 67 bleſsions, diffamions, moquions, meſpriſions, ou

66 262 720 66 offenſions en luy IESVS CHRIST: que ne pou¬

67 301 714 66 uons auoir diſcord ne diuiſion auec noz freres,

67 341 711 65 que ne diſcordions & ſoyons diuiſez de IESVS

69 387 714 60 CHRIST: que IESVS CHRIST ne peut eſtre

63 428 712 72 aymé de nous, que nous ne l’aymiõs en noz freres.

322 509 170 65 .XIX.

87 608 694 59 Chriſt le painvif par ce cõuiue exquis

62 660 713 69 A tous croyans le haut Ciel a conquis,

57 710 378 61 Et tout vray fidelle

59 765 415 68 En Foy bien inſtruit,

60 820 299 56 A vie eternelle

59 870 365 68 Ce pain le conduit.

195 924 503 64 Doys tu pas eſtre ayſe. &c.

97 1015 672 48 Le but de ce ſacrement comme il eſt monſtré cy

54 1056 709 52 deſſus eſt de nous exercer en la memoyre de la paſ¬

57 1100 723 52 ſion & mort de IESVS CHRIST. Pourtant quãd

56 1143 718 47 il donnoit l’inſtitution de ce ſacrement à ſes Apo¬

54 1180 720 55 ſtres, il leur commanda de le faire ainſi en la me¬

54 1223 724 52 moire de ſoy. Ce que ſainct paul interprete annon

53 1264 713 50 cer la mort du Seigneur iuſques a ce qu’il viendra

54 1306 715 48 au iugement, n’eſt autre choſe ſinon que nous de¬

53 1347 718 49 clairions par confeſsion de bouche, ce que noſtre

53 1390 716 53 Foy a recogneu au ſacrement: c’eſt aſſauoyr que la

53 1437 607 73 mort de IESVS CHRIST eſt noſtre vie.

781 1017 120 57 Sus au d

778 1062 123 57 zieſme c

774 1260 128 68 I.Cor.11

492 1471 274 55 C O Ie¬
