1015 1732
209 151 58 77 36

501 155 203 52 Le Deuiz

219 212 729 65 I'ay vouluveoir la couſtume de faire,

219 261 729 73 De ceuxqui trop ſont au mõde aſſeruis.

256 314 701 72 D'autre coſſe i'ay eu mes ſens rauiz,

223 366 728 74 Pour vrayement la maniere cõprẽdre

225 418 726 72 Des vrais heureux: de toꝰ biẽs aſſouiz

226 474 725 88 Sans rien auoyr, & qu’on ne peut re¬

284 538 176 68 prendre.

277 633 677 69 En ceſt inſtant que tel deſir me tient,

229 684 690 73 Ie voy par tout ſentence trop diuerſe

229 730 729 79 Entre mõdains, l'un en public ſouſtiẽt

239 783 716 78 Tort cõtre droit: l’autre equité rẽuerſe

232 840 722 75 L’opinion plus commune eſt peruerſe:

231 890 612 81 Et l'equitable inutile eſt renduë.

232 943 681 75 La mauuaiſe eſt par force deffenduë.

233 998 673 64 Et la ſouſtient le monde en ſon entier

236 1050 667 74 Par glaiue & feu: mais la verite nuë,

239 1105 656 77 Ne ſe rencontre en voye ne ſentier.

285 1205 678 76 La plus grand part de ce monde in¬

342 1268 133 56 ſensé,

241 1313 720 82 Ayant des yeux, de ſes yeux ne voyt

295 1385 149 61 goutte:

245 1417 583 91 Finalement tout dit & recenſé,

902 1457 49 83 Ce
