1021 1773
774 161 40 90 37

347 189 221 56 Conſolatif.

72 245 728 66 Ce monde n’a de prudence vne goutte:

76 298 724 74 Vn bon propoz ſouuent rameine en

125 360 139 53 doute.

76 393 692 82 Vn boys vny luy ſemble rabotteux.

73 450 729 74 En plein midy eſt craintif & douteux:

73 503 729 76 Car pour vray le iour luy eſt pour nuit.

73 557 695 66 Le clair Soleil luy ſemble tenebreux,

73 610 630 78 Et ce qui eſt proffitable, luy nuit.

81 715 722 75 Vn autre point qui les eſprits trauaille,

76 766 726 68 C'eſt que lõ voit les mõdains en plaiſir

76 820 727 75 Et en repos: ſans que rien leur deffaille,

78 874 675 68 Ayans tous biens à ſouhait & deſir:

78 924 616 76 On ne les voit ſur la paille geſir,

78 978 730 73 Endurer faim, ne ſoif, en quelque tẽps,

85 1032 724 71 Touſiours ſont gays, aiſes & bien con¬

134 1093 106 63 tens:

85 1127 723 83 Tat qu'on pourroit dire ſans cõtredis,

84 1187 719 76 (Veu leur plaiſir & ioyeux paſſetẽps)

87 1239 722 83 Qu'ilz ſont ca bas en vn vray paradis.

84 1338 687 77 Aures on voyt de ceux cy ſeparez,

88 1399 727 87 Auxquelz douleur fait touſiours dure

140 1464 131 94 preſſe:

539 1502 289 89 C3 Et
