1015 1732
231 128 54 72 38

532 144 215 69 Le Deuiz

241 193 625 85 Elle les rend de plaiſirs eſgarez,

241 249 696 80 Et eſt d'iceux la rectrice & maiſtreſſe:

239 303 708 72 Ilz ſont ſans fin accablez de deſtreſſe:

239 357 673 78 Et ſont rengez ſouz le cruel empire

241 409 696 86 D’aduerſité, qui leur trauail empire,

242 463 725 81 Sans q̃ leur mal point ou peu diminuë.

244 518 724 67 Qui ne diroit ceux là veu leur martire,

239 568 728 90 Les plus mauditz qui ſoyent deſſouz

294 620 142 56 la nuë?

238 724 677 78 Si ma ſentence eſt pour vraye tenuë,

235 777 621 76 Ie dy que c’eſt choſe treſſalutaire

238 828 691 79 D’eſtre en ennuy, & en deſconuenuë:

244 883 659 72 Veu que par luy nous veut attraire

236 933 722 81 Dieu tout puiſſant: ꝗ tãt eſt debõnaire,

239 988 718 75 Qu’à ſes enfans la pierre pour du pain

233 1036 722 78 Ne donne point: mais ſa benigne main

232 1092 654 75 Nous es largiſt ce qui eſt neceſſaire:

229 1143 682 73 Qui eſt celluy donques ſi inhumain,

228 1199 688 85 Qui en trauail ne louera ce bon Pere?

218 1296 732 80 Si ce propoz vous ſemble trop auſtere,

215 1355 722 66 Ie le vous veux prouuer par eſcriture:

212 1402 732 86 Dieu noꝰ dõnãt leſus chriſt noſtre frere,

132 1039 62 39 1.b.

132 1070 80 67 ◊.7.b

824 1472 115 62 (Qui
