1021 1773
780 251 44 53 41

335 230 223 61 Conſolatif.

93 285 592 76 Et que de Dieu toute infelicité,

94 329 542 81 Affliction & dure aduerſité,

91 385 718 90 Ne prẽt ſon cours: pleinemẽt ie luy nie.

88 440 641 78 Et pour monſtrer que ie dy verité:

87 492 644 84 De ce i’en croy le prophete Eſaye.

79 585 683 96 N'ont pas predit Amos, & Ieremie,

79 647 705 85 Qu’il n'aduiẽt riẽ en noſtre humanité,

78 698 715 83 Que le Seigneur par puiſſance infinie

76 749 633 88 Ne l’ayt permis: & meſme ſuſcité?

75 800 665 93 Vn tout ſeul mal n'eſt pas en la Cité,

67 852 723 87 Dit le Seigneur: & a Homme ne nuyt:

66 911 724 78 Sans mon vouloir: qui ca & là conduit

63 960 721 86 Ce que mortelz appellent mal ou bien:

63 1016 686 83 Oui dira donc qu'un ſeul cas fortuit

60 1066 720 89 Soit entre noꝰ: ie dy qu’il n'eſt Chreſtiẽ.

56 1170 592 87 Si ne croyez à cecy fermement,

53 1223 691 89 Ie vous mettray vn fait en euidence,

53 1279 666 84 Que ne pourrez reietter nullement,

48 1328 581 80 Si verite vous eſt en reuerence:

45 1377 701 97 Ioſeph diſoit par certaine aſſeurance,

47 1431 706 98 Que le Seigneur d’un vouloir prefiny

42 1486 628 102 Auoyt de luy en ce point diffeny:

794 517 104 51 Eſaye.

796 667 109 54 I.amer

791 806 113 67 Amos.3

771 1419 136 76 Geneſ.45

645 1564 111 70 Pour
