1015 1732
225 215 68 60 42

502 202 204 63 Le Deuiz

238 249 644 87 Pour deliurer Iſraël de ſouffrance.

239 303 664 78 Ie conclu donc, Dieu qui eſt inſiny

242 357 682 91 Donner le mal: & puis la deliurance.

245 466 538 79 Dauid eſtant en tribulation,

248 512 715 82 (Pour mieux porter la peine ꝗl endure)

248 567 550 85 Receut en gré la malediction

256 617 652 85 De Semey: qui ne luy ſembla dure:

254 668 657 89 Et ne voulut permettre ceſte iniure

255 715 728 91 Eſtre vengée: cõbien qu’elle fut grãde:

258 769 726 86 Diſant, Seigneur, cecy tu luy cõmãde:

259 827 672 86 Pour eſprouuer ta pouure creature:

262 871 729 96 Reſpondez moy: icy ie vous demãde

265 923 728 103 Si quelque mal nous vient à l’auẽture?

269 1033 665 87 Puiſque n’auons aucune affliction,

272 1083 724 93 Mal ny ennuy, dont maint mortel s’e¬

326 1169 151 54 ſtonne,

277 1190 606 81 Sans le vouloir & la permiſsion

280 1241 720 91 Du Souuerain: ꝗ en ce point l’ordõne:

280 1297 674 77 Ie nommeray heureuſe la perſonne,

285 1348 621 80 Celle qui eſt au ioug d’aduerſité:

291 1398 716 87 Qui ſouffre ennuy, mal ou perplexité:

295 1447 714 98 Et qui du monde eſt pour nulle tenuë:

135 620 110 97 ys.16.b

128 1492 137 59 .Cor.6.b

955 1544 60 3 Car
