1021 1773
777 221 57 67 43

356 206 223 59 Conſolatif.

98 261 714 86 Car c’eſt vn ſigne & marque en verité,

98 314 717 86 Que le Scigneur pour ſienne l’a eſleuë.

88 415 715 90 Ne ſoyt dõc plus la perſonne troublée

90 469 719 88 Pour q̃lq̃ mal qui luy vienne en ſa vie:

87 525 654 88 S’elle ſe voyt d’affliction comblée,

82 579 633 78 De pouureté, ou griefue maladie:

85 630 702 89 Que ſa pensée au Seigneur ſoyt rauie:

79 685 662 81 Qui de tous maux ſeul la ſoulagera,

76 734 608 75 De ſes hayneux auſsi la vengera

70 788 717 91 En certain temps: & au lieu qu’on l'op¬

125 848 138 54 prime,

66 887 675 89 Luy meſme lors ſes pleurs eſſuyera:

65 938 676 94 Et la tiendra en grand pris & eſtime.

62 1043 724 102 Quãt à celuy qui en tout tẽps s’encline

59 1099 568 87 A ſe baigner en la mondanité,

56 1153 719 91 Sans que d’icelle vn ſeul iour il decline

53 1207 614 81 Ains va fuyant mal & calamité:

53 1264 713 80 Qui veut touſiours viure en ꝓſperité,

50 1307 721 95 Et eſtre loing de tout trouble du mõde

45 1359 671 91 Eſtre aſſeuré de cent pas à la ronde,

45 1413 721 89 Comme muny d’un fort& bon rãpart:

44 1464 620 109 Ie dy ceſtuy auec ſa Foy feconde

814 443 82 60 2.Th

794 803 108 56 Apoca

796 853 72 39 21.a

793 882 109 84 Eſaye.

789 1176 118 73 1.Iean.2

710 1548 79 69 En
