1021 1773
746 161 45 85 45

302 171 234 58 Conſolatif.

69 229 724 72 C'eſt bien raiſon qu’a luy plaire on

122 285 198 51 s'adonne.

67 333 723 65 O vous mõdains qui viuez en delices,

66 382 721 78 Ne ſuyuãt poit de leſus chriſt l'eſeigne,

70 437 661 62 Veſtez Ieſus, qui de laiſſer les vices

65 490 726 71 Et viure biẽ, nous enhorte & enſeigne:

66 545 724 68 Faites q̃ crainte à ce ne voz cõtraigne:

63 598 724 65 Ains vraye amour à l’aimer voꝰ attire

63 647 724 71 Lors auec moy direz qu’il n'eſt martire

62 698 725 77 Affliction, peine, ou douleur ſi griefue,

63 753 726 72 Qui de l’aymer & ſuyure vous retire,

69 808 714 77 Tant peu ſon faiz & ſa charge nous

118 861 155 63 griefue.

62 967 722 68 Que direz vous? me pourrez vous

113 1015 178 60 blaſmer?

59 1068 679 66 Si ie vous dy qu’au monde vicieux

59 1119 721 73 N'eſt rien ſi doux, qui ne ſoit treſamer,

57 1176 674 62 Le gouſtant bien, & fort pernicieux:

59 1229 716 71 Quelque plaiſir nous ayons des yeux,

56 1278 721 75 Et quelque biẽ q̃ du mõde on reſcriue,

59 1332 718 71 Quelque ſoulas que l'eſprit y cõcoiue:

57 1382 698 73 Ie dy que c’eſt ſouz apparence belle,

57 1437 727 86 (Combien qu’ainſi le monde nous deſ¬

660 1507 131 69 criue)

784 499 108 59 Rom.

795 815 104 68 Matth.
