1015 1732
231 173 66 53 46

505 167 208 50 Le Deuiz

245 225 715 65 En vaiſſeau d'or vne poiſon mortelle.

255 317 560 81 Ie diray plus que tribulation,

248 383 717 61 Perte de biens, ou trauail douloreux,

245 437 553 66 Ce que lon dit eſtre vexation,

246 489 721 68 Et qu’on maintiẽt au monde rigoreux:

249 535 718 75 Sõt dõs de Dieu treſdoux & ſauoreux

249 590 637 63 A tous viuans gracieux & vtiles:

248 643 686 68 Et celluy là qui les nomme inutiles,

252 698 713 64 Va reſſemblãt à ces pouures malades,

249 746 677 65 Qui ia ſont tant abbatuz & debiles,

256 799 709 74 Qu’a leur gouſt ſont bonnes viandes

303 860 130 57 fades.

251 956 716 67 Par tel chemin Chriſt à luy nous attire,

251 1010 683 65 Et en ce point aux ſiens ſe repreſente:

254 1065 690 62 Par ce moyen du monde nous retire,

252 1112 713 68 Et vrayement ſa gloire nous preſente:

261 1170 671 61 Ainſi de tout noſtre ame ſe contente:

254 1219 668 67 Regnant deſia auec Chriſt es cieux.

256 1273 686 64 Vous qui viuez au monde ſpacieux,

252 1324 716 61 Oyez ces mots: afin qu'à mon exẽple

259 1378 706 69 Vous ſentiez Chriſt: & qu'en ce point,

306 1443 205 69 ou mieux,

142 331 91 50 ſ.11.b

142 378 90 59 .10.d

134 1183 108 59 rre.2.d

908 1496 62 49 Le
