1015 1732
241 144 67 56 48

502 138 196 64 Le Deuiz

248 190 720 77 Eſt ce veoir Dieu d’un oeil trouble ou

298 255 174 71 de loing?

248 346 716 79 Certainement ſi vous mettez le ſoing,

252 405 638 77 A digerer ce que ie vous raconte:

249 450 718 85 Chaſcũ de voꝰ me ſera pour teſmoing,

249 500 719 78 Cõbien en Dieu mõ ardẽt zele mõte:

255 555 715 84 Veu que ie dy d’affection treſprõpte,

252 610 690 87 Que ie ne veux ſupporter ſeulement

252 659 721 88 L'ennuy & mal, que i’ay preſentemẽt:

254 717 717 86 Mais qui plus eſt, pour plaire à mon

304 785 182 66 Eſpoux,

254 821 688 86 Si à mes maux donne reugregement:

254 873 648 86 Ce me ſera aggreable & bien doux.

256 972 724 81 Ce que lon dit ennuy communẽment,

258 1027 720 74 Vn certain biẽ deſormais le veux dire:

256 1081 720 80 Ce qu’on ne veut au monde nullemẽt,

256 1130 720 80 Cõme biẽ bõ pour moy le veux eſlire.

258 1187 681 74 Ce que lon voit deteſter & maudire,

259 1242 587 71 Ie dy que ce m'eſt benediction:

261 1291 609 84 Ce que lon louë, eſt malediction:

262 1340 716 97 Et ne vaut rien, quoy qu’il ayt belle

317 1418 178 71 marque.

866 1444 114 62 Brief
