1021 1773
44 217 653 68 49

44 274 725 76 Conſolatif.

93 328 171 63 Brief ce monde eſt vne deception,

94 431 674 71 Qui nous decoyt ſouz ſa plaiſante

143 490 167 53 maſque.

35 534 724 71 Qui voudra donc ſuyure de Chriſt

38 585 697 78 la trace,

36 642 668 70 Il faut premier qu’à ſoy meſmerenõce:

39 695 720 76 Lors cognoiſtra du monde la fallace,

36 750 637 68 Et eſtre vray ce que ie luy denonce.

35 800 594 71 Freres oyez ie vous pry ma ſemonce:

36 852 685 71 Et retenez ce que vous ay deduit:

35 904 722 74 En ce faiſant plus ne ſera ſeduit

36 957 717 78 Aucun de vous en la vie mondaine:

93 1060 663 79 Ains cognoiſtrez, qu'affliction ꝗ nuit

141 1121 148 55 Aux deuoyez: nous eſt choſe treſſaine.

32 1167 721 68 Que ce fol monde haut & bas ſe de¬

35 1220 718 69 maine,

32 1273 725 74 Et qu’à ſon veuil il ſe tourne & tẽpeſte:

141 1323 104 59 Quant eſt à nous ne ſoyt ſi forte peine,

38 1374 717 84 Ne ſi dur mal qui nous griefue ou mo¬

85 1430 141 69 leſte:

271 159 226 61 Tout noſtre eſgard ſoyt mys en lieu

724 171 45 60 celeſte,

777 546 124 59 Luc.9.c.1

763 592 145 53 Matth.10

766 630 71 49 16.d

759 667 149 70 Marc.8.d

520 1490 232 73 D La
