<?xml version="1.0" encoding="UTF-8"?>
<alto xmlns:xsi="http://www.w3.org/2001/XMLSchema-instance"
      xmlns="http://www.loc.gov/standards/alto/ns-v4#"
      xsi:schemaLocation="http://www.loc.gov/standards/alto/ns-v4# http://www.loc.gov/standards/alto/v4/alto-4-2.xsd">
  <Description>
    <MeasurementUnit>pixel</MeasurementUnit>
    <sourceImageInformation>
      <fileName>54_db62f_default.jpg</fileName>
      <fileIdentifier>https://www.e-rara.ch/i3f/v20/29432292/full/full/0/default.jpg</fileIdentifier>
    </sourceImageInformation>
  </Description>
  
  <Tags>
    <OtherTag ID="BT1420" LABEL="DamageZone" DESCRIPTION="block type DamageZone"/><OtherTag ID="BT1421" LABEL="DropCapitalZone" DESCRIPTION="block type DropCapitalZone"/><OtherTag ID="BT1422" LABEL="GraphicZone" DESCRIPTION="block type GraphicZone"/><OtherTag ID="BT1423" LABEL="MainZone" DESCRIPTION="block type MainZone"/><OtherTag ID="BT1424" LABEL="MarginTextZone" DESCRIPTION="block type MarginTextZone"/><OtherTag ID="BT1425" LABEL="MarginTextZone:handwrittenAddition" DESCRIPTION="block type MarginTextZone:handwrittenAddition"/><OtherTag ID="BT1426" LABEL="QuireMarksZone" DESCRIPTION="block type QuireMarksZone"/><OtherTag ID="BT1427" LABEL="StampZone" DESCRIPTION="block type StampZone"/><OtherTag ID="BT1428" LABEL="TitlePageZone" DESCRIPTION="block type TitlePageZone"/><OtherTag ID="BT1429" LABEL="NumberingZone" DESCRIPTION="block type NumberingZone"/><OtherTag ID="BT1460" LABEL="RunningTitleZone" DESCRIPTION="block type RunningTitleZone"/>
    <OtherTag ID="LT518" LABEL="DefaultLine" DESCRIPTION="line type DefaultLine"/><OtherTag ID="LT519" LABEL="DropCapitalLine" DESCRIPTION="line type DropCapitalLine"/><OtherTag ID="LT520" LABEL="HeadingLine" DESCRIPTION="line type HeadingLine"/>
  </Tags>
  
  <Layout>
    <Page WIDTH="1021"
          HEIGHT="1773"
          PHYSICAL_IMG_NR="50"
          ID="eSc_dummypage_">
      <PrintSpace HPOS="0"
                  VPOS="0"
                  WIDTH="1021"
                  HEIGHT="1773">
        
        <TextBlock HPOS="721"
                   VPOS="177"
                   WIDTH="67"
                   HEIGHT="65"
                   ID="eSc_textblock_4d11a4e9"
                   TAGREFS="BT1429">
          <Shape><Polygon POINTS="721 177 721 242 788 242 788 177"/></Shape>
          
          
          <TextLine ID="eSc_line_19a90c97"
                    TAGREFS="LT518"
                    BASELINE="739 223 772 223" 
                    HPOS="738"
                    VPOS="169"
                    WIDTH="33"
                    HEIGHT="71">
            <Shape><Polygon POINTS="738 221 738 239 769 240 771 221 771 169 738 169 738 221"/></Shape>
	    <String CONTENT="51"
                    HPOS="738"
                    VPOS="169"
                    WIDTH="33"
                    HEIGHT="71"></String>
          </TextLine>

          
        </TextBlock>
        
        <TextBlock HPOS="33"
                   VPOS="655"
                   WIDTH="102"
                   HEIGHT="105"
                   ID="eSc_textblock_a41c7ebf"
                   TAGREFS="BT1421">
          <Shape><Polygon POINTS="33 655 33 760 135 758 135 655"/></Shape>
          
          
          <TextLine ID="eSc_line_c014f161"
                    TAGREFS="LT519"
                    BASELINE="53 746 128 746" 
                    HPOS="42"
                    VPOS="713"
                    WIDTH="71"
                    HEIGHT="43">
            <Shape><Polygon POINTS="44 744 44 713 113 713 113 756 42 755"/></Shape>
	    <String CONTENT="V"
                    HPOS="42"
                    VPOS="713"
                    WIDTH="71"
                    HEIGHT="43"></String>
          </TextLine>

          
        </TextBlock>
        
        <TextBlock HPOS="25"
                   VPOS="220"
                   WIDTH="768"
                   HEIGHT="1284"
                   ID="eSc_textblock_a4c7f952"
                   TAGREFS="BT1423">
          <Shape><Polygon POINTS="28 220 25 1504 790 1501 793 238"/></Shape>
          
          
          <TextLine ID="eSc_line_62608044"
                    TAGREFS="LT520"
                    BASELINE="76 305 757 314" 
                    HPOS="75"
                    VPOS="226"
                    WIDTH="682"
                    HEIGHT="106">
            <Shape><Polygon POINTS="342 227 328 227 322 227 299 230 298 230 296 230 285 227 283 227 268 227 254 227 245 227 239 230 227 234 217 230 212 227 209 229 195 229 180 229 165 229 164 229 159 230 147 233 140 230 137 229 135 229 121 229 106 229 91 229 81 229 76 229 76 305 75 314 79 319 79 320 81 320 82 320 84 320 156 314 175 323 177 323 178 323 234 316 236 316 237 316 263 325 264 325 265 325 267 325 286 317 289 316 294 317 316 326 317 326 319 328 370 328 370 326 398 320 415 317 432 322 456 328 458 328 459 328 483 323 505 319 517 325 528 329 530 329 531 329 567 326 619 320 641 328 650 330 651 330 653 332 756 332 757 314 757 233 701 227 700 227 698 227 684 231 663 239 641 231 635 230 633 230 632 230 630 230 623 231 599 239 579 231 562 226 561 226 559 226 558 226 546 231 530 239 477 239 469 231 468 230 468 229 466 229 465 229 463 229 438 231 406 234 390 230 370 226 357 227"/></Shape>
	    <String CONTENT="COMPLAIN"
                    HPOS="75"
                    VPOS="226"
                    WIDTH="682"
                    HEIGHT="106"></String>
          </TextLine>

          
          
          <TextLine ID="eSc_line_bba0dc31"
                    TAGREFS="LT520"
                    BASELINE="45 370 766 378" 
                    HPOS="44"
                    VPOS="316"
                    WIDTH="722"
                    HEIGHT="84">
            <Shape><Polygon POINTS="44 379 100 388 101 388 143 382 187 395 189 395 190 395 274 384 296 395 298 395 299 395 394 390 403 397 404 397 406 397 407 398 496 398 496 397 497 397 528 387 557 398 558 398 559 398 614 393 712 400 713 400 715 400 716 400 731 388 765 387 766 378 766 335 738 323 737 323 735 323 734 323 716 333 713 335 672 335 663 332 625 322 623 322 622 322 571 329 561 332 494 332 486 328 481 323 480 323 478 323 477 323 446 326 400 330 394 325 390 322 390 320 388 320 387 320 385 320 364 323 347 328 342 323 338 320 338 319 336 319 335 319 333 319 332 319 320 323 308 328 302 322 299 320 299 319 298 319 296 319 295 319 279 322 240 329 215 320 212 319 211 319 209 319 208 319 206 320 190 328 169 320 168 320 166 320 127 328 112 317 110 317 109 317 107 317 106 317 82 323 45 316 45 370"/></Shape>
	    <String CONTENT="TE EN FORME D&#39;EGLO"
                    HPOS="44"
                    VPOS="316"
                    WIDTH="722"
                    HEIGHT="84"></String>
          </TextLine>

          
          
          <TextLine ID="eSc_line_12c19141"
                    TAGREFS="LT520"
                    BASELINE="44 434 771 441" 
                    HPOS="42"
                    VPOS="387"
                    WIDTH="729"
                    HEIGHT="66">
            <Shape><Polygon POINTS="42 453 769 453 771 441 768 394 734 403 684 394 673 393 672 393 639 394 515 401 492 394 475 390 474 390 415 390 413 390 412 390 401 395 391 400 367 395 335 388 333 388 296 395 286 397 279 395 258 390 257 390 255 390 254 390 252 390 252 391 246 395 245 397 242 395 233 388 231 388 230 388 229 388 189 395 180 397 177 395 156 387 155 387 153 387 44 395 44 434"/></Shape>
	    <String CONTENT="gue Ruſtique d’un Paſtoureau Chre¬"
                    HPOS="42"
                    VPOS="387"
                    WIDTH="729"
                    HEIGHT="66"></String>
          </TextLine>

          
          
          <TextLine ID="eSc_line_840eecf8"
                    TAGREFS="LT520"
                    BASELINE="38 497 765 508" 
                    HPOS="36"
                    VPOS="443"
                    WIDTH="729"
                    HEIGHT="78">
            <Shape><Polygon POINTS="36 505 47 512 48 512 50 512 51 512 171 506 181 514 183 514 184 514 186 514 267 508 277 515 279 515 280 515 282 515 283 515 308 508 401 508 446 508 446 509 469 518 471 518 472 518 571 512 582 520 583 520 585 520 586 520 588 520 610 512 660 521 661 521 763 514 765 508 765 465 719 452 718 452 716 452 715 452 691 463 636 463 619 450 617 450 616 450 614 450 613 450 582 462 530 460 520 450 520 449 518 449 517 449 515 449 452 460 421 460 409 449 409 447 407 447 406 447 404 447 403 447 372 459 314 446 313 446 224 453 214 444 212 444 211 444 209 444 208 444 171 456 140 443 138 443 73 443 72 443 70 443 38 455 38 497"/></Shape>
	    <String CONTENT="ſtien à Dieu le Createur, ſouz la perſon"
                    HPOS="36"
                    VPOS="443"
                    WIDTH="729"
                    HEIGHT="78"></String>
          </TextLine>

          
          
          <TextLine ID="eSc_line_39431279"
                    TAGREFS="LT520"
                    BASELINE="41 562 661 568" 
                    HPOS="39"
                    VPOS="503"
                    WIDTH="622"
                    HEIGHT="80">
            <Shape><Polygon POINTS="39 576 93 570 144 577 147 577 149 577 150 577 152 577 159 570 169 577 171 577 172 577 174 577 181 577 239 573 243 577 246 579 246 580 248 580 249 580 251 580 252 580 263 577 282 571 364 576 429 580 431 580 477 576 496 574 497 576 505 582 505 583 506 583 508 583 509 583 660 574 661 568 660 528 514 528 512 525 499 514 499 512 497 512 496 512 461 506 413 506 412 506 410 506 409 506 409 508 390 524 388 527 354 527 351 524 332 506 330 506 329 506 301 505 132 503 131 503 130 503 128 503 128 505 109 521 107 523 41 521 41 562"/></Shape>
	    <String CONTENT="ne de Pan, Dieu des Bergiers."
                    HPOS="39"
                    VPOS="503"
                    WIDTH="622"
                    HEIGHT="80"></String>
          </TextLine>

          
          
          <TextLine ID="eSc_line_37c1e51b"
                    TAGREFS="LT518"
                    BASELINE="140 695 763 698" 
                    HPOS="137"
                    VPOS="645"
                    WIDTH="625"
                    HEIGHT="68">
            <Shape><Polygon POINTS="138 694 137 706 759 713 762 697 762 657 719 648 718 648 716 648 715 648 707 656 706 657 627 657 625 654 617 648 616 648 614 648 613 648 480 651 342 654 332 648 330 647 329 647 328 647 326 647 314 648 273 654 265 648 265 647 264 647 263 647 211 647 206 647 205 647 203 647 202 647 193 654 138 645 138 694"/></Shape>
	    <String CONTENT="N paſtoreau nagueres i&#39;eſcoutois,"
                    HPOS="137"
                    VPOS="645"
                    WIDTH="625"
                    HEIGHT="68"></String>
          </TextLine>

          
          
          <TextLine ID="eSc_line_d38a5d23"
                    TAGREFS="LT518"
                    BASELINE="138 746 762 749" 
                    HPOS="138"
                    VPOS="698"
                    WIDTH="622"
                    HEIGHT="71">
            <Shape><Polygon POINTS="158 698 161 698 196 706 273 698 277 698 277 700 286 707 296 698 301 698 398 707 413 701 419 701 428 709 483 700 487 700 487 701 499 710 500 712 502 710 515 700 520 700 580 710 608 715 616 710 620 707 625 707 759 710 760 747 759 757 734 768 732 768 732 769 484 769 483 768 480 768 480 766 471 759 431 759 404 768 400 768 359 757 326 766 323 766 288 759 245 766 242 766 223 757 215 765 215 766 212 766 212 768 178 768 177 766 174 766 164 756 138 756 138 705"/></Shape>
	    <String CONTENT="Qui s’en alloyt cõplaignant par"
                    HPOS="138"
                    VPOS="698"
                    WIDTH="622"
                    HEIGHT="71"></String>
          </TextLine>

          
          
          <TextLine ID="eSc_line_1cd14f58"
                    TAGREFS="LT518"
                    BASELINE="93 797 265 797" 
                    HPOS="93"
                    VPOS="752"
                    WIDTH="172"
                    HEIGHT="60">
            <Shape><Polygon POINTS="93 797 93 809 264 812 265 797 265 760 93 752 93 797"/></Shape>
	    <String CONTENT="les boys"
                    HPOS="93"
                    VPOS="752"
                    WIDTH="172"
                    HEIGHT="60"></String>
          </TextLine>

          
          
          <TextLine ID="eSc_line_da747bc9"
                    TAGREFS="LT518"
                    BASELINE="41 851 682 856" 
                    HPOS="39"
                    VPOS="802"
                    WIDTH="643"
                    HEIGHT="72">
            <Shape><Polygon POINTS="676 820 672 817 546 817 537 814 508 805 506 805 505 805 412 811 366 814 363 811 359 805 357 805 357 803 356 803 354 803 353 803 351 803 336 809 332 811 326 809 302 803 301 803 299 803 298 803 296 803 296 805 292 809 289 812 283 809 273 803 271 803 270 803 240 808 212 812 189 806 166 802 113 802 112 802 110 802 109 802 104 805 97 811 41 805 41 851 39 859 200 871 202 871 203 871 205 871 214 864 530 874 531 874 681 867 682 856 681 822 676 820"/></Shape>
	    <String CONTENT="Seul &amp; priué de compagnie toute,"
                    HPOS="39"
                    VPOS="802"
                    WIDTH="643"
                    HEIGHT="72"></String>
          </TextLine>

          
          
          <TextLine ID="eSc_line_48bd99ad"
                    TAGREFS="LT518"
                    BASELINE="42 902 753 910" 
                    HPOS="41"
                    VPOS="855"
                    WIDTH="712"
                    HEIGHT="71">
            <Shape><Polygon POINTS="42 902 41 911 326 923 328 923 554 919 610 926 611 926 752 919 753 910 752 871 582 861 580 861 548 865 528 868 505 865 468 859 466 859 434 864 404 867 379 862 364 859 363 859 339 861 292 865 286 859 285 859 285 858 283 858 282 858 280 858 246 859 132 864 42 855 42 902"/></Shape>
	    <String CONTENT="N’ayant en luy de plaiſir vne goutte:"
                    HPOS="41"
                    VPOS="855"
                    WIDTH="712"
                    HEIGHT="71"></String>
          </TextLine>

          
          
          <TextLine ID="eSc_line_8bd9699b"
                    TAGREFS="LT518"
                    BASELINE="42 957 452 955 763 963" 
                    HPOS="41"
                    VPOS="911"
                    WIDTH="722"
                    HEIGHT="67">
            <Shape><Polygon POINTS="42 957 41 963 84 973 85 973 87 973 88 973 88 972 96 966 132 973 134 973 135 973 137 973 146 966 206 966 208 967 214 972 214 973 215 973 217 973 218 973 276 967 299 966 304 969 311 975 313 975 314 975 316 976 477 976 477 975 478 975 487 972 500 967 521 972 537 976 539 976 540 976 561 973 589 969 607 975 614 976 616 976 617 976 627 975 656 969 667 975 670 976 672 976 673 978 762 978 763 963 763 923 737 914 735 914 734 914 700 921 692 924 546 924 537 920 521 916 520 916 518 916 517 916 500 920 497 921 496 920 489 914 489 913 487 913 486 913 484 913 419 920 397 921 376 919 335 914 333 914 304 919 292 920 286 919 267 911 265 911 264 911 263 911 248 919 243 920 237 919 217 911 215 911 214 911 171 917 153 920 146 917 131 911 130 911 128 911 127 911 115 917 109 920 107 917 101 913 101 911 100 911 98 911 97 911 42 916 42 957"/></Shape>
	    <String CONTENT="Ains tellement ennuy le pourmenoit,"
                    HPOS="41"
                    VPOS="911"
                    WIDTH="722"
                    HEIGHT="67"></String>
          </TextLine>

          
          
          <TextLine ID="eSc_line_0ca734c2"
                    TAGREFS="LT518"
                    BASELINE="42 1007 763 1015" 
                    HPOS="41"
                    VPOS="961"
                    WIDTH="722"
                    HEIGHT="68">
            <Shape><Polygon POINTS="42 1007 41 1015 66 1023 67 1023 69 1023 175 1016 184 1016 192 1016 251 1025 252 1025 313 1019 329 1017 333 1019 351 1026 353 1026 354 1026 356 1026 373 1020 375 1019 376 1020 384 1026 385 1026 387 1026 388 1026 429 1020 446 1019 455 1022 474 1028 475 1028 477 1029 574 1029 574 1028 576 1028 577 1028 582 1023 586 1020 604 1023 630 1029 632 1029 762 1026 763 1015 762 978 712 967 710 967 709 967 707 967 697 976 697 978 627 978 625 976 592 966 591 966 589 966 549 975 548 975 527 967 526 967 524 967 523 967 500 975 499 975 496 975 477 967 475 967 474 967 409 972 400 964 398 964 397 964 395 964 394 964 366 973 364 973 243 973 243 972 236 966 236 964 234 964 233 964 231 964 197 972 195 972 193 972 168 961 166 961 165 961 101 970 100 970 98 970 63 961 62 961 60 961 59 961 42 969 42 1007"/></Shape>
	    <String CONTENT="Que ſans repoz piteux cris demenoit,"
                    HPOS="41"
                    VPOS="961"
                    WIDTH="722"
                    HEIGHT="68"></String>
          </TextLine>

          
          
          <TextLine ID="eSc_line_88d35f5d"
                    TAGREFS="LT518"
                    BASELINE="44 1060 766 1065" 
                    HPOS="42"
                    VPOS="1013"
                    WIDTH="724"
                    HEIGHT="71">
            <Shape><Polygon POINTS="44 1060 42 1068 96 1069 104 1078 104 1080 106 1080 107 1080 109 1080 231 1072 267 1071 286 1074 316 1078 317 1078 385 1075 466 1072 499 1078 526 1083 527 1083 528 1083 530 1083 534 1078 540 1075 558 1080 574 1083 576 1084 765 1084 766 1065 763 1023 641 1026 626 1020 619 1017 617 1017 616 1017 614 1017 613 1017 613 1019 610 1020 604 1028 574 1028 521 1019 494 1016 493 1016 492 1016 483 1019 463 1026 369 1026 333 1016 330 1016 329 1016 328 1016 326 1016 325 1016 298 1025 286 1016 285 1015 283 1015 282 1015 280 1015 268 1016 215 1023 178 1015 177 1015 175 1015 174 1015 122 1023 44 1013 44 1060"/></Shape>
	    <String CONTENT="Si que ſa voix du coeur le cruchement"
                    HPOS="42"
                    VPOS="1013"
                    WIDTH="724"
                    HEIGHT="71"></String>
          </TextLine>

          
          
          <TextLine ID="eSc_line_efcb423d"
                    TAGREFS="LT518"
                    BASELINE="44 1111 763 1121" 
                    HPOS="42"
                    VPOS="1063"
                    WIDTH="721"
                    HEIGHT="71">
            <Shape><Polygon POINTS="44 1111 42 1119 65 1127 66 1127 67 1127 446 1125 557 1134 558 1134 762 1128 763 1121 762 1083 641 1081 638 1078 629 1072 627 1072 626 1072 625 1072 592 1077 577 1080 571 1077 558 1071 557 1071 555 1071 506 1075 468 1078 452 1074 438 1069 437 1069 435 1069 403 1072 362 1077 357 1071 356 1069 354 1069 354 1068 353 1068 351 1068 350 1068 329 1071 295 1075 257 1068 243 1066 242 1066 240 1066 239 1066 237 1068 230 1075 147 1075 44 1063 44 1111"/></Shape>
	    <String CONTENT="Donnoyt à veoir &amp; iuger fermement,"
                    HPOS="42"
                    VPOS="1063"
                    WIDTH="721"
                    HEIGHT="71"></String>
          </TextLine>

          
          
          <TextLine ID="eSc_line_fc749204"
                    TAGREFS="LT518"
                    BASELINE="47 1164 765 1170" 
                    HPOS="45"
                    VPOS="1115"
                    WIDTH="720"
                    HEIGHT="71">
            <Shape><Polygon POINTS="45 1174 107 1182 109 1182 110 1182 132 1176 143 1173 172 1176 221 1180 223 1180 224 1180 240 1176 246 1174 252 1176 273 1183 274 1183 276 1183 310 1176 322 1174 375 1176 517 1183 518 1183 520 1183 536 1177 540 1176 546 1177 585 1186 586 1186 763 1177 765 1170 765 1133 695 1124 694 1124 692 1124 669 1130 661 1131 656 1130 632 1121 630 1121 629 1121 627 1121 626 1121 616 1128 610 1131 562 1131 557 1127 548 1119 546 1119 545 1119 543 1119 542 1119 524 1127 514 1130 487 1125 461 1121 459 1121 458 1121 447 1124 431 1130 425 1124 421 1121 421 1119 419 1119 418 1119 384 1118 382 1118 381 1118 372 1122 360 1128 336 1121 333 1121 332 1121 330 1121 329 1121 326 1121 302 1128 294 1121 292 1119 292 1118 291 1118 289 1118 288 1118 286 1118 279 1119 258 1127 234 1119 227 1116 226 1116 224 1116 197 1118 96 1127 48 1115 47 1164 45 1174"/></Shape>
	    <String CONTENT="Que dãs l&#39;eſprit dõt elle eſt meſſagiere"
                    HPOS="45"
                    VPOS="1115"
                    WIDTH="720"
                    HEIGHT="71"></String>
          </TextLine>

          
          
          <TextLine ID="eSc_line_28085b34"
                    TAGREFS="LT518"
                    BASELINE="44 1215 768 1221" 
                    HPOS="42"
                    VPOS="1174"
                    WIDTH="726"
                    HEIGHT="73">
            <Shape><Polygon POINTS="44 1215 42 1230 81 1242 82 1242 84 1244 127 1244 127 1242 128 1242 130 1242 130 1241 138 1233 286 1244 288 1244 375 1235 382 1235 384 1235 407 1245 409 1245 410 1245 499 1236 508 1236 511 1236 533 1244 534 1244 536 1244 537 1244 559 1238 565 1236 579 1238 639 1245 641 1245 642 1245 663 1239 667 1238 673 1239 712 1247 713 1247 766 1239 768 1221 768 1184 740 1177 738 1177 737 1177 675 1184 666 1184 663 1183 650 1177 648 1177 647 1177 557 1182 527 1183 517 1182 490 1176 489 1176 487 1176 486 1176 478 1180 474 1183 462 1180 443 1176 441 1176 440 1176 438 1176 425 1180 413 1183 369 1179 319 1174 317 1174 295 1177 273 1182 251 1177 237 1174 236 1174 234 1174 233 1174 230 1177 224 1182 209 1176 203 1174 202 1174 44 1174 44 1215"/></Shape>
	    <String CONTENT="Logeoyt douleur qui point n’eſtoit le¬"
                    HPOS="42"
                    VPOS="1174"
                    WIDTH="726"
                    HEIGHT="73"></String>
          </TextLine>

          
          
          <TextLine ID="eSc_line_83cf8eee"
                    TAGREFS="LT518"
                    BASELINE="101 1270 220 1270" 
                    HPOS="101"
                    VPOS="1229"
                    WIDTH="119"
                    HEIGHT="54">
            <Shape><Polygon POINTS="101 1270 101 1283 220 1278 220 1270 220 1239 153 1229 152 1229 101 1235 101 1270"/></Shape>
	    <String CONTENT="giere."
                    HPOS="101"
                    VPOS="1229"
                    WIDTH="119"
                    HEIGHT="54"></String>
          </TextLine>

          
          
          <TextLine ID="eSc_line_ab300e97"
                    TAGREFS="LT518"
                    BASELINE="96 1322 769 1329" 
                    HPOS="94"
                    VPOS="1275"
                    WIDTH="675"
                    HEIGHT="75">
            <Shape><Polygon POINTS="94 1341 226 1335 239 1343 245 1346 246 1346 248 1347 302 1347 302 1346 304 1346 305 1346 305 1344 308 1343 314 1337 335 1343 350 1346 351 1346 353 1346 354 1346 356 1346 359 1343 364 1337 384 1343 401 1347 403 1347 404 1347 443 1341 468 1338 486 1341 520 1348 521 1348 580 1343 645 1350 647 1350 648 1350 679 1341 726 1350 728 1350 729 1350 768 1340 769 1329 769 1292 712 1282 710 1282 709 1282 707 1282 707 1283 700 1289 690 1283 688 1283 687 1283 685 1283 657 1289 647 1291 644 1288 639 1282 638 1282 638 1280 636 1280 635 1280 633 1280 632 1280 605 1288 601 1288 591 1286 537 1280 536 1280 534 1280 533 1280 533 1282 528 1285 524 1289 502 1285 478 1280 477 1280 458 1283 432 1288 422 1282 415 1279 413 1279 412 1279 410 1279 398 1282 373 1288 310 1280 308 1280 135 1285 97 1275 96 1322 94 1341"/></Shape>
	    <String CONTENT="Lors curieux d’entendre ſa com¬"
                    HPOS="94"
                    VPOS="1275"
                    WIDTH="675"
                    HEIGHT="75"></String>
          </TextLine>

          
          
          <TextLine ID="eSc_line_b800de80"
                    TAGREFS="LT518"
                    BASELINE="168 1377 329 1381" 
                    HPOS="166"
                    VPOS="1331"
                    WIDTH="163"
                    HEIGHT="57">
            <Shape><Polygon POINTS="168 1377 166 1387 326 1388 329 1381 329 1344 218 1331 217 1331 168 1335 168 1377"/></Shape>
	    <String CONTENT="plainte,"
                    HPOS="166"
                    VPOS="1331"
                    WIDTH="163"
                    HEIGHT="57"></String>
          </TextLine>

          
          
          <TextLine ID="eSc_line_fc261427"
                    TAGREFS="LT518"
                    BASELINE="45 1428 766 1433" 
                    HPOS="44"
                    VPOS="1379"
                    WIDTH="722"
                    HEIGHT="74">
            <Shape><Polygon POINTS="286 1381 285 1381 283 1381 276 1384 257 1390 184 1381 172 1381 171 1381 166 1381 121 1390 47 1379 45 1382 45 1428 44 1440 143 1450 144 1450 146 1450 147 1450 159 1443 161 1443 285 1452 286 1452 288 1452 311 1444 314 1444 317 1444 350 1452 351 1453 469 1453 469 1452 471 1452 472 1452 477 1447 480 1444 484 1447 493 1452 494 1452 496 1452 765 1450 766 1433 766 1394 700 1393 691 1384 690 1384 688 1384 687 1384 586 1390 531 1393 523 1388 514 1384 512 1384 511 1384 490 1388 474 1391 468 1387 463 1384 462 1384 461 1384 459 1384 458 1384 450 1387 440 1391 434 1387 429 1382 428 1382 427 1382 425 1382 385 1385 323 1391 298 1384 288 1381 286 1381"/></Shape>
	    <String CONTENT="Dont ſa perſonne eſtoyt quaſi eſtainte:"
                    HPOS="44"
                    VPOS="1379"
                    WIDTH="722"
                    HEIGHT="74"></String>
          </TextLine>

          
          
          <TextLine ID="eSc_line_34e2efb6"
                    TAGREFS="LT518"
                    BASELINE="47 1483 567 1483 673 1489" 
                    HPOS="45"
                    VPOS="1436"
                    WIDTH="628"
                    HEIGHT="79">
            <Shape><Polygon POINTS="47 1483 45 1504 124 1510 125 1510 127 1510 141 1505 159 1501 178 1507 209 1515 211 1515 212 1515 298 1508 310 1507 313 1508 322 1514 323 1514 325 1514 326 1514 328 1514 329 1514 336 1508 345 1501 382 1508 384 1508 385 1508 387 1508 388 1508 397 1501 481 1501 539 1510 573 1515 574 1515 672 1511 673 1489 672 1447 599 1447 598 1446 588 1437 588 1436 586 1436 585 1436 583 1436 518 1444 505 1446 499 1444 478 1436 477 1436 475 1436 474 1436 472 1436 463 1444 462 1446 424 1447 367 1447 360 1443 350 1436 348 1436 347 1436 345 1436 344 1436 325 1442 310 1447 208 1447 196 1440 187 1436 186 1436 184 1436 47 1437 47 1483"/></Shape>
	    <String CONTENT="De le ſuyure tellement ie taſchay,"
                    HPOS="45"
                    VPOS="1436"
                    WIDTH="628"
                    HEIGHT="79"></String>
          </TextLine>

          
        </TextBlock>
        
        <TextBlock HPOS="428"
                   VPOS="1491"
                   WIDTH="350"
                   HEIGHT="73"
                   ID="eSc_textblock_03564e71"
                   TAGREFS="BT1426">
          <Shape><Polygon POINTS="428 1561 432 1491 768 1496 778 1564"/></Shape>
          
          
          <TextLine ID="eSc_line_0be82c53"
                    TAGREFS="LT518"
                    BASELINE="444 1541 766 1541" 
                    HPOS="443"
                    VPOS="1492"
                    WIDTH="322"
                    HEIGHT="68">
            <Shape><Polygon POINTS="679 1495 675 1495 670 1499 656 1514 568 1514 533 1495 531 1495 443 1492 443 1539 443 1558 543 1560 545 1560 546 1560 551 1558 570 1551 763 1557 765 1539 762 1502 741 1508 712 1501 691 1495 679 1495"/></Shape>
	    <String CONTENT="D 2 Que"
                    HPOS="443"
                    VPOS="1492"
                    WIDTH="322"
                    HEIGHT="68"></String>
          </TextLine>

          
        </TextBlock>
        

        
      </PrintSpace>
    </Page>
  </Layout>
</alto>
