1015 1732
256 150 41 65 52

417 138 421 61 Complainte en forme

271 187 712 91 Que pres du lieu en fin ie m’appro¬

321 265 123 53 chay,

267 288 652 81 Ou il eſtoyt couche à la renuerſe,

268 347 692 77 Pour eſcouter ſa complainte diuerſe.

319 402 661 77 Là ie le vy aſsis pres d’une ſouche,

268 458 721 73 De belles floeurs ayãt fait vne couche:

268 508 645 73 Deſſus laquelle il s’eſtoyt eſtendu,

268 562 647 73 Pour ayſement eſtre bien entendu.

320 610 617 69 Eſtant ainſi, comme ie le deſcriz,

268 663 699 71 Ce paſtoureau: en redoublant ſes cris:

274 720 719 66 Va commencer à former de ſa langue

274 769 694 75 Vne piteuſe & lamentable harangue:

269 818 728 81 En l'adreſſant à Pan que par tout lieu

271 873 723 78 Lon va nommant des Bergiers le

324 936 259 64 grand Dieu.

274 980 671 73 Diſant ainſi ſi bien il m'en ſouuient:

319 1030 675 77 O puiſſant Pan que chaſcun Bergier

373 1092 107 59 tient

274 1135 725 83 Pour ſon grand Dieu, qui ſeul de tou¬

330 1208 160 53 tes pars

278 1241 716 70 Vas cõſeruãt noz loges & noz parcz,

274 1296 625 69 Et noz brebis eſtans es bergeries

277 1348 716 69 Gardes ſi bien qu'elles ne ſont peries,

287 1404 674 92 Toy qui par tout gette le tien regart

861 1459 133 86 Eſtens
