1021 1773
741 164 48 82 53

227 177 390 59 D’eglogue ruſtique.

59 231 648 68 Eſtens tes yeux vn petit ceſte part,

59 288 727 68 Et enuers moy ton humble paſtoureau

59 341 642 65 Monſtre faueur & vn viſage beau:

56 391 604 64 Car ie tant, ô Pan, de dueil eſpris

60 446 724 60 Que ie me ſens eſtre hors de mes eſpris

59 499 635 63 Si tout à coup ta clemence diuine

59 551 727 66 N'uſe enuers moy d’une grace beni¬

112 617 108 50 gne.

90 658 694 55 Las c’eſt à droit, ô Pan que ie lamẽte:

60 715 724 53 Par mon ennuy qui ſi fort me tormẽte:

59 759 722 71 Et par rayſon ſoit en chãps ou en boys

59 815 617 62 Ie iette crys de lamentable voix,

65 865 718 61 Voyant ainſi Bergiers de toutes pars

60 917 724 61 Par faux Paſteurs dechaſſez & eſpars,

60 970 724 67 Leſquelz fuyans la peine à eux pro¬

113 1029 139 58 chaine

59 1072 682 76 Sont peregrins en region loingtaine:

62 1130 644 66 Ou le recors de leurs loges petites

63 1179 721 63 Fait qu’à eux ſoyent lieſſes interdites:

66 1232 717 68 Si ce n'eſtoyt le ſeul grand nom de toy

69 1286 721 71 Qui les met hors de tout faſcheux eſ¬

119 1346 120 53 moy.

121 1390 670 72 Mais quoy que ſoit, vn grand bien

178 1447 178 74 & plaiſir

465 1496 326 76 D 3 De
