1015 1732
265 147 49 63 54

441 150 429 59 Complainte en forme

277 204 662 61 De colloquer en toy tout ſon deſir.

281 259 723 67 Si eſt ce, Pan, vn cas par trop eſtrange

285 313 719 63 Veoir paſtoureaux par le pays eſtrãge

280 363 726 58 Courir ainſi, laiſſãs leurs maiſonnettes

280 412 724 71 Ou ilz ſouloyent par belles chanſon¬

334 473 128 50 nettes

281 519 706 65 Louer ton nom: & ta haute excellence

282 574 727 65 De tous leurs cœurs & humaine puiſ¬

334 626 136 58 ſance:

285 674 721 66 De veoir auſsi paſtoreaux ꝑ les chãps,

287 731 686 58 Ne faire plus que pitoyables chants.

337 783 673 65 L’un va plaignant ſes gras bœufs

417 835 180 61 delaiſſez

290 883 714 63 Parmy les chãps, & motõs engraiſſez:

290 943 671 63 L’autre par dueil continuel regrette

291 991 594 66 D’auoyr laiſsé ſa petite logette:

290 1044 710 65 L'un q̃ tormẽt pourſuit & importune,

294 1099 712 59 Va complaignant ſa mauuaiſe fortune:

288 1150 703 63 L’autre qui eſt d’aigre douleur bleſsẽ

290 1200 678 62 Va ſouſpirant de ſe veoir dechaſsé:

290 1257 687 62 Si qu’on deuroit auoir grande pitié,

282 1307 688 59 En regardant de leur mal la moytié.

282 1356 709 68 Et moy, ô Pan, qui fay ceſte cõplainte

282 1413 724 70 Ma perſonne eſt de douleur tãt attainte

898 1464 102 70 Que
