1021 1773
755 165 50 68 55

243 165 398 61 D'eglogue ruſtique.

72 224 618 65 Que ie ne ſay ſi ie doys regretter

70 279 727 60 Mõ dur ennuy, ou mon biẽ ſouhaiter:

72 333 697 60 Car autant m'eſt faſcheux à receuoyr

75 384 722 63 Vn ſeul plaiſir que mõ mal conceuoir.

72 435 722 70 C'eſt à bõ droit puiſque ton labourage

70 492 617 66 Ie voy perdu par ce cruel orage,

75 540 724 65 Qui ſeulement ne nous porte greuãce:

73 593 729 63 Mais qui plus eſt il deſtruit ta ſemence.

125 645 672 71 Iuſques à quand, ô Pan grand & ſu

130 698 144 61 blime,

73 750 648 68 Laiſſeras tu ceſte gent tant infime?

73 803 729 68 Et faux paſteurs pariures & meſchans,

75 856 728 64 Deſſus tropeaux dominer en tes chãps

78 907 725 62 Iufques à quand, ô Pan treſdebõnaire,

78 966 728 63 Permettras tu ceſte gent nous mal faire?

78 1013 728 70 Et q̃ touſiours en ce poĩt ilz dechaſſent

79 1066 726 62 Ceux q ton loz & ta gloire pourchaſsẽt

132 1118 673 65 I'ay veu le tẽps, ô Pan, q̃ ie ſouloys

79 1170 726 71 Aller louant ton grãd nõ par les boys.

81 1226 728 68 I'ay veu le temps que ma ioy euſe muſe

82 1278 726 66 Me prouoquoit ſur douce cornemuſe

85 1332 600 65 Dire tes loz & tes bontez auſsi:

84 1382 730 67 Mais à preſent tãt plein ſuis de ſoucy,

88 1434 727 80 De tãt d’ẽnuis, de trauaux & d’ẽcõbre,

471 1490 343 67 D 4 Que
