1015 1732
244 119 50 80 56

415 138 413 61 Complainte en forme

261 193 723 62 Que ie ne puis t’en reciter le nombre,

264 248 719 63 Tant que de dueil ie laiſſe ma houlette,

259 298 667 67 Et en vn coing ie iette ma muſette.

258 352 725 65 Mais deſſus tout accroiſt ma paſsiõ,

258 408 667 62 Le dur regret que i’ay de Marion,

262 461 724 61 Qui eſt, ô Pan ton humble bergerette,

259 509 650 69 Et du petit bergeret qu'elle alaite.

314 561 672 72 O Pan grand Dieu, i'ay ſolide me¬

386 622 149 63 moyre

262 668 725 66 Que quand voulions nous deux man¬

308 720 269 66 ger ou boyre,

256 772 727 65 Ou que la nuyt eſtendoit ſon manteau,

256 825 727 62 Deſſus Phebus qui rend l’air cler &

308 880 112 61 beau

252 928 679 70 Ie l'enſeignoys & toute ſa meſgnye,

256 984 617 62 Diſant ainſi, ô chere compagnie,

256 1036 662 60 Exaltons Pan qui par vertu diuine

254 1088 724 62 Par tous les lieux de ce mõde domine:

251 1138 670 70 Et lequel fait par ſes diuines graces

256 1196 724 65 Que nous avons en tous temps Bre¬

301 1245 212 64 bis graſſes

242 1293 731 69 Lequel de noꝰ a touſiours vn tel ſoing,

248 1352 729 69 Que de noz parcs tous dangiers met

293 1401 180 69 au loing.

857 1460 103 68 Puis
