1021 1773
760 171 45 60 57

254 171 391 63 D’eglogue ruſtique.

135 226 648 65 Puis par ſouhait à Marion diſoys:

81 280 730 71 Pleut or à Pan que mõ filz de ſix moys

85 335 686 65 Ton Bergeret que tu vas nouriſſant,

84 390 634 62 Feuſt à porter la muſette puiſſant.

82 441 704 65 Certes en luy tel labeur ie prendroys,

84 496 724 56 Que bon ioueur de fleutes le rendroys:

84 546 687 56 Ou de haut boys & muſette ruſtique

82 599 724 67 Pour au grand Pan faire loz & cãtique

144 654 597 58 Voyla ô Pan mon vnique deſir

87 704 688 67 Que ie faiſoys en mes parcs à loyſir.

88 756 674 68 Voy la l’es bat ou plaiſir ie prenoys,

87 812 619 62 Quand à repoz auec elle i'eſtoys

82 861 721 68 Dedans le clos, o Pan, que m’as preſté

81 916 524 62 Pour habiter en yuer & eſté.

135 969 671 65 Mais maintenant la chance eſt bien

214 1023 173 58 tournée:

82 1069 596 67 Car i'ay laiſsé Marion eſplorée

84 1127 724 63 Dedans ſon parc: ou l'hũble paſtorelle

85 1179 721 66 Fait, i'en ſuis ſeur: lamentable querelle.

81 1232 650 63 Iay delaiſſe par les herbeux paſtis

82 1286 724 60 Bœuf & brebis & leurs aigneaux petis:

82 1338 723 64 I’ay delaiſsé par les chãps d’auantage,

81 1390 724 62 Mes douze bœufs ſeruãs au laborage.

137 1444 668 74 Or de ces cas dont ton bergier petit

685 1502 108 55 Ores
