1015 1732
236 138 48 66 58

369 138 449 62 Complainte en forme

238 194 583 65 Ores t'a fait le ſommaire recit:

239 251 650 62 N’en ya vn à parler court & brief,

245 301 726 65 Qui luy ſoyt plus intolerable & grief,

242 355 729 63 Que veoir à l'œil le treſpiteux maſſacre

246 407 725 67 Que faux paſteurs font en ton temple

293 458 125 61 ſacre,

239 509 685 59 De veoir auſsi les actes inhumains,

242 565 731 62 Que chaſcun iour commettent de leurs

293 620 130 56 mains

239 666 644 70 En icelluy, n’ayans aucun eſgard

241 723 652 66 A toy, o Pan, qui iettes ton regart

242 782 677 50 Sur tous mortelz & en toute ſaiſon:

242 825 656 66 Regarde tout de ta haute maiſon.

297 880 676 65 Las quanteſfoys i’ay veu de mes

353 935 227 55 deux yeux

246 988 643 54 De ces paſteurs les faits ſeditieux!

245 1036 723 62 Las quãteſfois ſouz fainte couuerture

248 1094 696 60 Aux aigncletz ont fait tort & iniure!

249 1144 627 62 O quanteſfoys de ma loge petite

248 1195 652 63 I’ay regarde leur cruaute maudite!

251 1247 716 62 Et quãteſfois ſouz moyẽ faint & beau

251 1299 622 64 Ie les ay veu ſaccager le tropeau!

251 1350 723 65 Duquel, ô Pan, feignent le ſoing auoir:

255 1407 725 72 Maisleur ſemblãr ne tẽd qu’a deceuoir

912 1460 58 59 Ce
