1021 1773
757 190 52 49 59

254 183 390 63 D'eglogue ruſtique.

135 233 683 71 Ce ſont renars ꝗ ſouz ſimples habits

91 289 726 59 Vont deuorant les plus tẽdres brebis.

90 344 728 68 Ce ſont vrays loups qui les troupeaux

140 394 207 61 ſeduyſent

90 443 725 63 Du droit chemin, & à mal les induiſẽt,

90 499 724 66 Ce ſont voleurs qui dans le toict cham

141 558 124 62 peſtre

90 602 673 68 Ne ſont entrez ſinon par la feneſtre:

93 658 718 64 Dõt ſur tropcaux par moyẽs treſiniq̃s

96 710 718 64 Vont exerceãs leurs dãnables pratiq̃s.

144 766 618 59 Certes s’il faut icy ramenteuoyr

91 817 723 65 La moĩdre part des cas q̃ i'ay peuvoir

96 870 721 63 I'en pourroys tant ores narrer & dire,

96 921 721 61 Qu'un iourentier ne porroit pas ſuffire

96 975 722 60 A les cõter, puis ma voix rauq̃ & caſſe

96 1023 724 67 Empeſcheroit que bien ne les contaſſe.

152 1077 668 69 Mais ſi ne puis ie, ô vray Pan mon

196 1131 213 59 ſeul Dieu,

97 1184 686 64 Me contenir que ie ne dye en ce lieu,

98 1236 705 62 Et que ma voix ne recite & prononce

100 1291 720 63 Ce dont l'eſprit me vient faire ſemõce.

132 1344 689 62 Ay ie pas veu les manieres peruerſes

101 1393 723 68 De ces paſteurs & traffiques diuerſes?

103 1447 720 77 Ay ie pas veu par plus de cẽt iournées

698 1511 125 59 Leurs
