1015 1732
232 144 61 68 60

407 144 414 66 Complainte en forme

238 199 727 73 Leurs tours malins & damnables me¬

297 256 97 60 nées

239 305 705 64 Ay ie pas veu eſtant au vert boſquet?

239 359 729 65 Leur dangereux & frauduleux caquet?

239 412 699 59 Dont le tropeau à pleine veuë d’oeil

239 464 731 65 Ilz deceuoyẽt q m’eſtoit vn grãd dueil

245 518 722 67 Trop plus ſouuẽt que ie n'euſſe voulu,

241 570 726 69 I'ay veu comment ton ſainct temple

293 623 186 65 ont polu.

291 676 674 60 Alors diſoys baſſement à par moy:

238 727 730 68 Pan mon grand Dieu voyt bien ce de¬

288 782 137 60 ſarroy

238 831 688 60 Et de la haut il recorde & contemple

238 884 730 67 Ce que ces gens vont faiſant en ſon

294 939 166 61 temple.

238 988 726 69 Et quelque foys (diſoys ie) il aduiẽdra

242 1043 725 61 Que de leurs faits meſchans luy ſou¬

290 1098 179 52 uiendra.

236 1143 729 70 Lors onverra que ſon bras grãd & fort

239 1200 708 57 Sur ces Paſteurs monſtrera ſon effort:

291 1252 676 68 Mais touteſfoys dont ie me donne

369 1304 159 59 eſmoy,

238 1356 717 68 Ce tẽps pẽdãt (tu l’as mieux veu q̃ moy

239 1417 718 85 Et toy tout ſeul es vallable teſmoing)

889 1466 75 56 De
