1021 1773
757 171 55 53 61

252 165 398 68 D'eglogue ruſtique.

82 223 724 73 De leurs tropeaux ne prennent meil¬

132 277 212 62 leur ſoing:

82 323 724 74 Ains comme on veoyt par chaſcun

132 394 292 50 iour empirent:

82 432 723 67 Et contre toy detractent & conſpirent,

81 489 703 66 En lieu d'appaſt & bonne nourriture

81 540 660 65 Ilz vont donnant eſuentée paſture

84 592 727 71 A leurs tropeaux, & dont croyt mon

153 654 176 59 chagrin,

84 694 728 72 Leur vont donnant la paille pour le

144 757 120 64 grain

85 802 727 69 Dont le tropeau de ſoy gras & alaigre

87 856 724 68 Par tel appaſt deuient chetif & maigre.

146 908 668 71 Las qui ſeroyt le Bergier qui pour¬

221 969 104 62 royt

90 1010 725 73 Se contenir quãd à telz cas il verroyt?

91 1069 600 58 Seroit il pas à toy trop infidelle

97 1116 721 73 Voyant telz cas s’il n'en faiſoyt que¬

149 1177 114 61 relle?

94 1223 690 65 Seroyt il pas à toy traiſtre & pariuré

96 1276 672 70 S'il ne blaſmoyt le forfait & iniure,

96 1329 722 61 Que vont faiſant contre toy & les tiẽs

94 1384 726 62 Ces faux paſteurs en ces parcs terriens?

97 1434 724 80 Car de l’ẽnuy qu’au maiſtre lon ꝓcure

757 1508 67 47 Le
