<?xml version="1.0" encoding="UTF-8"?>
<alto xmlns:xsi="http://www.w3.org/2001/XMLSchema-instance"
      xmlns="http://www.loc.gov/standards/alto/ns-v4#"
      xsi:schemaLocation="http://www.loc.gov/standards/alto/ns-v4# http://www.loc.gov/standards/alto/v4/alto-4-2.xsd">
  <Description>
    <MeasurementUnit>pixel</MeasurementUnit>
    <sourceImageInformation>
      <fileName>65_47dbc_default.jpg</fileName>
      <fileIdentifier>https://www.e-rara.ch/i3f/v20/29432304/full/full/0/default.jpg</fileIdentifier>
    </sourceImageInformation>
  </Description>
  
  <Tags>
    <OtherTag ID="BT1420" LABEL="DamageZone" DESCRIPTION="block type DamageZone"/><OtherTag ID="BT1421" LABEL="DropCapitalZone" DESCRIPTION="block type DropCapitalZone"/><OtherTag ID="BT1422" LABEL="GraphicZone" DESCRIPTION="block type GraphicZone"/><OtherTag ID="BT1423" LABEL="MainZone" DESCRIPTION="block type MainZone"/><OtherTag ID="BT1424" LABEL="MarginTextZone" DESCRIPTION="block type MarginTextZone"/><OtherTag ID="BT1425" LABEL="MarginTextZone:handwrittenAddition" DESCRIPTION="block type MarginTextZone:handwrittenAddition"/><OtherTag ID="BT1426" LABEL="QuireMarksZone" DESCRIPTION="block type QuireMarksZone"/><OtherTag ID="BT1427" LABEL="StampZone" DESCRIPTION="block type StampZone"/><OtherTag ID="BT1428" LABEL="TitlePageZone" DESCRIPTION="block type TitlePageZone"/><OtherTag ID="BT1429" LABEL="NumberingZone" DESCRIPTION="block type NumberingZone"/><OtherTag ID="BT1460" LABEL="RunningTitleZone" DESCRIPTION="block type RunningTitleZone"/>
    <OtherTag ID="LT518" LABEL="DefaultLine" DESCRIPTION="line type DefaultLine"/><OtherTag ID="LT519" LABEL="DropCapitalLine" DESCRIPTION="line type DropCapitalLine"/><OtherTag ID="LT520" LABEL="HeadingLine" DESCRIPTION="line type HeadingLine"/>
  </Tags>
  
  <Layout>
    <Page WIDTH="1015"
          HEIGHT="1732"
          PHYSICAL_IMG_NR="61"
          ID="eSc_dummypage_">
      <PrintSpace HPOS="0"
                  VPOS="0"
                  WIDTH="1015"
                  HEIGHT="1732">
        
        <TextBlock HPOS="226"
                   VPOS="129"
                   WIDTH="92"
                   HEIGHT="67"
                   ID="eSc_textblock_4e8f3063"
                   TAGREFS="BT1429">
          <Shape><Polygon POINTS="226 129 226 196 318 196 318 129"/></Shape>
          
          
          <TextLine ID="eSc_line_f11738ac"
                    TAGREFS="LT518"
                    BASELINE="239 176 307 176" 
                    HPOS="239"
                    VPOS="134"
                    WIDTH="68"
                    HEIGHT="53">
            <Shape><Polygon POINTS="268 137 254 140 239 141 239 176 239 183 306 187 307 176 307 141 280 134 268 137"/></Shape>
	    <String CONTENT="62"
                    HPOS="239"
                    VPOS="134"
                    WIDTH="68"
                    HEIGHT="53"></String>
          </TextLine>

          
        </TextBlock>
        
        <TextBlock HPOS="398"
                   VPOS="126"
                   WIDTH="445"
                   HEIGHT="65"
                   ID="eSc_textblock_33b47e04"
                   TAGREFS="BT1460">
          <Shape><Polygon POINTS="398 126 398 191 843 191 843 126"/></Shape>
          
          
          <TextLine ID="eSc_line_61217baf"
                    TAGREFS="LT520"
                    BASELINE="411 174 837 171" 
                    HPOS="410"
                    VPOS="127"
                    WIDTH="427"
                    HEIGHT="63">
            <Shape><Polygon POINTS="814 137 799 137 785 135 770 135 756 134 742 134 727 134 713 132 698 132 684 131 672 131 671 132 535 127 525 127 511 127 496 128 488 128 467 134 449 129 438 131 424 131 410 135 411 174 411 183 563 190 564 190 597 183 599 183 613 190 615 190 616 190 617 190 619 190 619 189 620 189 625 183 626 181 742 181 745 183 759 189 760 189 762 189 835 181 837 171 834 141 828 137"/></Shape>
	    <String CONTENT="Complainte en forme"
                    HPOS="410"
                    VPOS="127"
                    WIDTH="427"
                    HEIGHT="63"></String>
          </TextLine>

          
        </TextBlock>
        
        <TextBlock HPOS="211"
                   VPOS="184"
                   WIDTH="762"
                   HEIGHT="1285"
                   ID="eSc_textblock_c95523d7"
                   TAGREFS="BT1423">
          <Shape><Polygon POINTS="211 1469 216 191 970 184 973 1450"/></Shape>
          
          
          <TextLine ID="eSc_line_ac588928"
                    TAGREFS="LT518"
                    BASELINE="239 239 939 235" 
                    HPOS="238"
                    VPOS="186"
                    WIDTH="701"
                    HEIGHT="65">
            <Shape><Polygon POINTS="935 197 867 197 867 196 857 187 857 186 856 186 854 186 853 186 851 186 825 196 824 197 698 197 685 194 658 187 656 187 599 187 597 187 596 187 580 193 571 197 557 193 534 187 532 187 531 187 529 187 528 187 519 193 512 199 469 199 441 193 424 189 395 189 394 189 392 189 391 189 388 191 378 200 330 200 323 191 320 190 320 189 319 189 317 189 316 189 238 190 239 239 239 251 938 251 939 235 937 197 935 197"/></Shape>
	    <String CONTENT="Le bon ſeruant la pluſpart en endure."
                    HPOS="238"
                    VPOS="186"
                    WIDTH="701"
                    HEIGHT="65"></String>
          </TextLine>

          
          
          <TextLine ID="eSc_line_00599f43"
                    TAGREFS="LT518"
                    BASELINE="241 292 486 287 960 290" 
                    HPOS="239"
                    VPOS="239"
                    WIDTH="721"
                    HEIGHT="64">
            <Shape><Polygon POINTS="308 239 307 239 306 239 300 241 278 249 239 241 241 292 242 303 268 295 313 303 316 303 317 303 319 303 349 295 469 295 476 301 476 303 477 303 479 303 480 303 490 303 551 295 561 303 563 303 564 303 565 303 573 301 609 295 616 301 616 303 617 303 619 303 620 303 630 301 677 295 957 300 960 290 958 249 925 239 924 239 886 239 885 239 883 239 882 239 882 241 872 249 870 251 844 251 843 249 833 241 833 239 831 239 830 239 828 239 788 248 779 249 775 248 758 239 756 239 706 239 704 239 703 239 685 246 677 251 612 251 607 245 602 241 602 239 600 239 599 239 516 239 515 239 513 239 512 239 506 243 496 249 420 242 391 241 389 241 376 242 330 249 314 241 310 239 308 239"/></Shape>
	    <String CONTENT="Paſtres ie voy leſqlz grãd dueilen fõt,"
                    HPOS="239"
                    VPOS="239"
                    WIDTH="721"
                    HEIGHT="64"></String>
          </TextLine>

          
          
          <TextLine ID="eSc_line_c1aa86c9"
                    TAGREFS="LT518"
                    BASELINE="239 344 960 339" 
                    HPOS="238"
                    VPOS="291"
                    WIDTH="722"
                    HEIGHT="61">
            <Shape><Polygon POINTS="239 344 239 350 958 352 960 339 957 300 872 291 870 291 869 291 867 291 853 300 847 304 594 304 583 303 511 294 509 294 508 294 489 304 462 294 460 294 459 294 457 294 456 294 456 295 447 304 420 294 418 294 417 294 415 294 397 303 347 295 346 295 345 295 343 295 343 297 333 305 332 307 324 305 245 295 244 295 242 295 241 295 241 297 239 297 238 297 239 344"/></Shape>
	    <String CONTENT="Et en ſouſpirs leur poure cœur en fõd,"
                    HPOS="238"
                    VPOS="291"
                    WIDTH="722"
                    HEIGHT="61"></String>
          </TextLine>

          
          
          <TextLine ID="eSc_line_1a686b68"
                    TAGREFS="LT518"
                    BASELINE="244 395 961 389" 
                    HPOS="242"
                    VPOS="344"
                    WIDTH="719"
                    HEIGHT="67">
            <Shape><Polygon POINTS="244 395 244 404 337 411 339 411 340 411 342 411 349 404 350 404 960 404 961 389 960 356 932 344 931 344 929 344 831 355 827 355 825 355 798 344 796 344 795 344 794 344 792 344 779 355 775 357 690 357 685 353 678 347 678 346 677 346 675 346 625 346 623 346 622 346 620 346 612 353 610 353 609 353 603 347 603 346 602 346 600 346 599 346 597 346 581 353 570 357 560 352 551 347 550 347 548 347 547 347 534 352 518 357 488 352 463 347 462 347 460 347 459 347 454 352 444 359 404 359 242 350 244 395"/></Shape>
	    <String CONTENT="Voy mes cõpais, leſqlz ont de coſtũe"
                    HPOS="242"
                    VPOS="344"
                    WIDTH="719"
                    HEIGHT="67"></String>
          </TextLine>

          
          
          <TextLine ID="eSc_line_e3b6e237"
                    TAGREFS="LT518"
                    BASELINE="241 448 961 443" 
                    HPOS="239"
                    VPOS="398"
                    WIDTH="722"
                    HEIGHT="60">
            <Shape><Polygon POINTS="241 448 241 457 960 458 961 443 955 399 937 408 880 408 866 399 864 398 863 398 861 398 860 398 859 398 857 398 856 399 841 408 752 408 743 399 742 399 742 398 740 398 739 398 695 398 694 398 693 398 688 399 671 409 603 409 583 401 580 399 578 399 577 399 576 399 574 399 574 401 564 411 525 411 509 401 508 399 506 399 505 399 457 399 456 399 454 399 453 399 451 401 440 409 386 401 381 401 379 401 378 401 376 401 356 411 347 404 346 404 345 404 343 404 342 404 317 411 307 402 307 401 306 401 304 401 303 401 301 401 300 401 288 408 239 402 241 448"/></Shape>
	    <String CONTENT="Faire grãs plains de pareille amertume"
                    HPOS="239"
                    VPOS="398"
                    WIDTH="722"
                    HEIGHT="60"></String>
          </TextLine>

          
          
          <TextLine ID="eSc_line_b3c557cc"
                    TAGREFS="LT518"
                    BASELINE="245 500 961 500" 
                    HPOS="245"
                    VPOS="453"
                    WIDTH="716"
                    HEIGHT="60">
            <Shape><Polygon POINTS="245 500 245 508 960 513 961 500 960 457 918 463 908 456 903 453 902 453 900 453 869 453 867 453 866 453 853 456 825 463 812 456 811 454 809 454 808 454 807 454 805 454 804 454 804 456 802 456 795 464 755 464 745 456 742 453 740 453 739 453 704 453 703 453 701 453 691 456 665 463 641 456 633 453 632 453 630 453 629 453 628 453 628 454 626 456 619 463 539 463 521 454 516 453 515 453 513 453 498 454 437 463 411 454 407 453 405 453 404 453 402 453 401 453 401 454 399 454 391 464 323 464 301 454 298 453 297 453 295 453 245 453 245 500"/></Shape>
	    <String CONTENT="Voy paſtoureaux enſemble ramaſſez,"
                    HPOS="245"
                    VPOS="453"
                    WIDTH="716"
                    HEIGHT="60"></String>
          </TextLine>

          
          
          <TextLine ID="eSc_line_dfe56988"
                    TAGREFS="LT518"
                    BASELINE="239 552 961 548" 
                    HPOS="238"
                    VPOS="502"
                    WIDTH="723"
                    HEIGHT="60">
            <Shape><Polygon POINTS="873 502 872 502 857 509 854 510 851 509 837 502 835 502 834 502 833 502 817 509 811 510 805 509 786 502 785 502 783 502 782 502 766 508 759 510 749 508 726 502 724 502 723 502 721 502 720 502 713 508 706 512 626 508 557 503 555 503 554 503 547 506 538 512 532 506 529 503 528 503 526 503 525 503 509 506 475 513 446 506 441 505 440 505 438 505 437 505 436 505 436 506 423 515 298 515 238 505 239 552 239 560 960 562 961 548 958 510 874 502 873 502"/></Shape>
	    <String CONTENT="Pour pareilz cas banniz &amp; dechaſſez"
                    HPOS="238"
                    VPOS="502"
                    WIDTH="723"
                    HEIGHT="60"></String>
          </TextLine>

          
          
          <TextLine ID="eSc_line_2d6aca1d"
                    TAGREFS="LT518"
                    BASELINE="236 607 960 601" 
                    HPOS="235"
                    VPOS="554"
                    WIDTH="725"
                    HEIGHT="68">
            <Shape><Polygon POINTS="236 607 236 613 269 622 271 622 272 622 297 614 414 622 415 622 417 622 437 614 438 614 449 614 544 620 545 620 547 620 548 620 554 614 557 613 583 614 629 619 630 619 659 616 688 611 714 616 734 619 736 619 737 619 739 619 739 617 742 616 746 611 772 616 785 617 786 617 788 617 789 617 791 616 801 610 821 616 827 617 828 617 830 617 831 617 835 616 848 610 854 616 854 617 856 617 857 617 859 617 867 616 900 610 958 616 960 601 958 561 937 554 935 554 934 554 932 554 931 554 931 555 924 561 919 565 848 565 844 561 837 555 837 554 835 554 834 554 786 554 785 554 783 554 782 554 773 561 768 565 755 561 736 555 734 555 733 555 732 555 719 561 710 567 629 567 625 562 619 557 619 555 617 555 616 555 615 555 564 562 526 567 466 567 459 562 447 557 446 557 444 557 443 557 427 562 410 570 336 570 330 562 326 560 326 558 324 558 323 558 321 558 235 562 236 607"/></Shape>
	    <String CONTENT="De leurs rãpars, de leurs clos &amp; logetes"
                    HPOS="235"
                    VPOS="554"
                    WIDTH="725"
                    HEIGHT="68"></String>
          </TextLine>

          
          
          <TextLine ID="eSc_line_8dc94fa9"
                    TAGREFS="LT518"
                    BASELINE="236 659 958 653" 
                    HPOS="235"
                    VPOS="607"
                    WIDTH="723"
                    HEIGHT="67">
            <Shape><Polygon POINTS="236 659 236 663 347 672 349 672 376 666 398 674 399 674 401 674 402 674 434 663 436 663 443 663 561 672 563 672 564 672 599 662 603 662 619 662 730 671 732 671 958 661 958 653 955 620 902 620 902 619 889 609 889 607 887 607 886 607 885 607 883 607 860 619 859 620 796 620 795 617 783 609 783 607 782 607 781 607 779 607 760 609 759 609 758 609 747 617 743 620 730 617 691 609 690 609 688 609 665 616 658 619 630 616 570 610 568 610 567 610 565 610 565 611 560 616 554 620 535 616 512 610 511 610 509 610 499 614 486 622 456 614 436 610 434 610 433 610 424 614 408 623 235 613 236 659"/></Shape>
	    <String CONTENT="Par ces paſteurs plꝰ cruelz q̃ les gethes."
                    HPOS="235"
                    VPOS="607"
                    WIDTH="723"
                    HEIGHT="67"></String>
          </TextLine>

          
          
          <TextLine ID="eSc_line_fbda88d2"
                    TAGREFS="LT518"
                    BASELINE="290 710 960 705" 
                    HPOS="288"
                    VPOS="659"
                    WIDTH="672"
                    HEIGHT="62">
            <Shape><Polygon POINTS="290 710 290 718 958 721 960 705 957 666 873 659 872 659 870 659 869 659 869 661 863 666 860 668 856 666 843 662 841 662 840 662 763 666 704 669 700 666 694 661 693 661 691 661 690 661 664 666 649 671 600 671 596 666 590 661 589 661 587 661 532 661 531 661 529 661 516 666 508 672 417 672 404 666 388 662 386 662 385 662 384 662 365 666 350 671 336 666 319 662 317 662 316 662 288 666 290 710"/></Shape>
	    <String CONTENT="Et eſt ce pas, ô Pan, fureur terrible,"
                    HPOS="288"
                    VPOS="659"
                    WIDTH="672"
                    HEIGHT="62"></String>
          </TextLine>

          
          
          <TextLine ID="eSc_line_26354df2"
                    TAGREFS="LT518"
                    BASELINE="235 764 958 757" 
                    HPOS="233"
                    VPOS="713"
                    WIDTH="725"
                    HEIGHT="64">
            <Shape><Polygon POINTS="235 764 235 770 373 776 375 776 376 776 394 769 397 769 401 769 453 777 454 777 456 777 457 777 457 776 466 769 509 776 511 776 512 776 513 776 513 775 515 775 519 767 552 767 591 767 593 767 652 776 654 776 737 766 739 766 809 775 811 775 877 767 939 773 941 773 942 773 944 773 958 763 958 757 954 721 898 721 893 720 873 713 872 713 870 713 869 713 854 720 853 721 851 720 841 713 840 713 838 713 837 713 835 713 834 713 825 720 822 723 710 723 695 720 675 714 674 714 672 714 671 714 669 714 662 720 652 725 509 725 501 718 499 717 498 717 496 717 495 717 467 718 397 724 381 718 376 717 375 717 373 717 362 718 303 727 233 718 235 764"/></Shape>
	    <String CONTENT="De n’eſtre point aux paſtoureaux loy¬"
                    HPOS="233"
                    VPOS="713"
                    WIDTH="725"
                    HEIGHT="64"></String>
          </TextLine>

          
          
          <TextLine ID="eSc_line_5dbfc3c5"
                    TAGREFS="LT518"
                    BASELINE="285 812 386 815" 
                    HPOS="284"
                    VPOS="764"
                    WIDTH="102"
                    HEIGHT="58">
            <Shape><Polygon POINTS="343 764 329 764 314 764 300 764 285 764 285 812 284 822 385 822 386 815 386 773 352 764 343 764"/></Shape>
	    <String CONTENT="ſible"
                    HPOS="284"
                    VPOS="764"
                    WIDTH="102"
                    HEIGHT="58"></String>
          </TextLine>

          
          
          <TextLine ID="eSc_line_88534f73"
                    TAGREFS="LT518"
                    BASELINE="232 867 915 863" 
                    HPOS="231"
                    VPOS="815"
                    WIDTH="684"
                    HEIGHT="61">
            <Shape><Polygon POINTS="232 867 232 874 912 876 915 863 911 825 794 825 791 825 773 815 772 815 770 815 769 815 749 824 719 815 717 815 716 815 714 815 713 815 713 816 703 825 701 827 669 827 656 825 603 816 535 816 534 816 532 816 511 825 506 827 496 825 446 818 444 818 397 825 378 829 294 829 290 825 281 818 280 818 278 818 277 818 231 825 232 867"/></Shape>
	    <String CONTENT="Chanter de toy, &amp; de ton diuin nom"
                    HPOS="231"
                    VPOS="815"
                    WIDTH="684"
                    HEIGHT="61"></String>
          </TextLine>

          
          
          <TextLine ID="eSc_line_e9d54c1c"
                    TAGREFS="LT518"
                    BASELINE="233 920 958 915" 
                    HPOS="232"
                    VPOS="871"
                    WIDTH="726"
                    HEIGHT="65">
            <Shape><Polygon POINTS="233 920 233 928 358 936 359 936 360 936 395 928 477 935 479 935 480 935 482 935 490 926 492 926 586 926 616 933 617 933 619 933 669 925 671 925 680 932 680 933 681 933 682 933 684 935 769 935 769 933 770 933 792 923 795 923 798 923 830 932 831 932 833 932 957 922 958 915 954 876 747 880 740 876 737 871 736 871 734 871 695 871 694 871 693 871 691 871 691 873 688 876 682 881 604 881 541 876 511 873 509 873 508 873 506 873 506 874 505 876 499 881 483 876 480 874 479 874 477 874 476 874 475 874 475 876 467 883 290 883 280 876 280 874 278 874 277 874 275 874 232 874 233 920"/></Shape>
	    <String CONTENT="Pour par noz chãs accroiſtre ton renõ?"
                    HPOS="232"
                    VPOS="871"
                    WIDTH="726"
                    HEIGHT="65"></String>
          </TextLine>

          
          
          <TextLine ID="eSc_line_4be84062"
                    TAGREFS="LT518"
                    BASELINE="233 974 955 967" 
                    HPOS="232"
                    VPOS="920"
                    WIDTH="723"
                    HEIGHT="67">
            <Shape><Polygon POINTS="233 974 233 987 385 978 436 984 469 987 470 987 472 987 473 987 479 982 486 978 512 982 529 984 531 984 532 984 539 981 552 977 600 980 655 984 656 984 658 984 668 978 675 975 695 978 732 984 733 984 773 977 781 982 781 984 782 984 783 984 785 984 838 977 913 982 915 982 916 982 955 972 955 967 952 933 833 933 831 932 818 920 817 920 815 920 814 920 812 920 788 932 782 933 753 930 700 926 698 926 678 930 664 933 654 930 632 923 630 923 629 923 628 923 626 923 616 930 609 935 603 930 596 923 594 923 593 923 521 923 519 923 518 923 516 923 511 929 501 936 372 930 371 930 369 930 343 938 332 928 330 926 329 926 327 926 326 926 232 926 233 974"/></Shape>
	    <String CONTENT="Ne ſont ce pas deffenſes trop eſtranges"
                    HPOS="232"
                    VPOS="920"
                    WIDTH="723"
                    HEIGHT="67"></String>
          </TextLine>

          
          
          <TextLine ID="eSc_line_c3c1c989"
                    TAGREFS="LT518"
                    BASELINE="233 1027 645 1020 954 1023" 
                    HPOS="232"
                    VPOS="975"
                    WIDTH="722"
                    HEIGHT="67">
            <Shape><Polygon POINTS="233 1027 233 1031 321 1042 323 1042 408 1033 434 1031 459 1034 511 1040 512 1040 513 1040 528 1034 534 1031 541 1034 554 1040 555 1040 557 1040 580 1034 600 1030 609 1034 613 1039 615 1039 616 1039 617 1039 619 1039 633 1036 655 1030 739 1036 781 1039 782 1039 783 1039 792 1036 821 1029 895 1037 900 1037 902 1037 903 1037 922 1029 951 1037 954 1023 952 985 807 985 785 975 783 975 782 975 781 975 746 985 743 987 620 987 619 985 610 978 609 978 607 978 606 978 604 978 577 985 571 987 568 985 558 978 557 978 555 978 554 978 552 978 537 985 534 988 473 988 463 985 415 978 414 978 368 985 350 988 327 985 268 980 267 980 232 985 233 1027"/></Shape>
	    <String CONTENT="De prohiber, annoncer tes louanges,"
                    HPOS="232"
                    VPOS="975"
                    WIDTH="722"
                    HEIGHT="67"></String>
          </TextLine>

          
          
          <TextLine ID="eSc_line_0de4085c"
                    TAGREFS="LT518"
                    BASELINE="231 1079 950 1072" 
                    HPOS="229"
                    VPOS="1027"
                    WIDTH="721"
                    HEIGHT="67">
            <Shape><Polygon POINTS="231 1079 231 1086 363 1094 365 1094 366 1094 386 1085 388 1085 407 1085 551 1091 552 1091 628 1083 648 1091 649 1091 651 1091 652 1091 685 1082 687 1082 693 1082 786 1089 788 1089 789 1089 808 1082 934 1088 935 1088 937 1088 938 1088 950 1079 950 1072 947 1033 906 1027 905 1027 903 1027 882 1033 867 1036 854 1033 838 1027 837 1027 835 1027 834 1027 833 1027 825 1033 820 1036 814 1033 804 1027 802 1027 801 1027 799 1027 786 1033 773 1037 723 1033 710 1031 708 1031 687 1033 580 1039 558 1033 555 1031 554 1031 552 1031 542 1033 495 1039 456 1033 447 1031 446 1031 444 1031 443 1031 443 1033 430 1040 418 1033 418 1031 417 1031 415 1031 376 1031 375 1031 373 1031 372 1031 372 1033 355 1043 282 1043 229 1033 231 1079"/></Shape>
	    <String CONTENT="Parmy les champs ou en temple ſacré,"
                    HPOS="229"
                    VPOS="1027"
                    WIDTH="721"
                    HEIGHT="67"></String>
          </TextLine>

          
          
          <TextLine ID="eSc_line_5c127185"
                    TAGREFS="LT518"
                    BASELINE="232 1133 509 1125 954 1127" 
                    HPOS="231"
                    VPOS="1081"
                    WIDTH="723"
                    HEIGHT="66">
            <Shape><Polygon POINTS="232 1133 232 1137 244 1146 245 1146 246 1146 248 1147 293 1147 293 1146 294 1146 295 1146 295 1144 304 1137 509 1146 511 1146 570 1137 603 1143 604 1143 606 1143 607 1143 615 1135 633 1144 635 1144 636 1146 701 1146 701 1144 703 1144 704 1144 716 1135 903 1143 905 1143 906 1143 908 1143 919 1134 932 1143 934 1143 935 1143 937 1143 938 1143 954 1134 954 1127 951 1083 779 1091 768 1083 765 1081 763 1081 762 1081 760 1081 759 1081 753 1083 739 1092 651 1092 639 1083 636 1081 635 1081 633 1081 593 1081 591 1081 590 1081 589 1081 584 1083 571 1092 519 1094 486 1094 475 1083 473 1082 472 1082 470 1082 438 1082 437 1082 436 1082 434 1082 434 1083 433 1083 428 1089 423 1083 421 1083 421 1082 420 1082 418 1082 417 1082 415 1082 410 1083 386 1091 342 1083 334 1083 333 1083 332 1083 330 1083 319 1092 231 1085 232 1133"/></Shape>
	    <String CONTENT="Comme ie ſay que bien te vient a gré?"
                    HPOS="231"
                    VPOS="1081"
                    WIDTH="723"
                    HEIGHT="66"></String>
          </TextLine>

          
          
          <TextLine ID="eSc_line_380b2b88"
                    TAGREFS="LT518"
                    BASELINE="287 1180 955 1176" 
                    HPOS="285"
                    VPOS="1133"
                    WIDTH="670"
                    HEIGHT="64">
            <Shape><Polygon POINTS="287 1180 287 1193 495 1187 508 1190 529 1196 531 1196 532 1196 534 1196 535 1196 541 1190 542 1189 544 1190 554 1195 555 1195 557 1195 558 1195 560 1195 565 1190 568 1187 570 1189 574 1193 576 1193 577 1193 578 1193 604 1189 623 1186 630 1189 646 1196 648 1196 649 1197 732 1197 732 1196 785 1186 788 1186 789 1186 799 1195 801 1195 802 1195 804 1196 908 1196 908 1195 954 1183 955 1176 952 1143 805 1143 804 1141 792 1133 791 1133 789 1133 788 1133 733 1141 714 1144 619 1144 615 1140 607 1134 606 1134 604 1134 603 1134 516 1140 430 1144 285 1138 287 1180"/></Shape>
	    <String CONTENT="Las tant ont fait ces paſteurs par"
                    HPOS="285"
                    VPOS="1133"
                    WIDTH="670"
                    HEIGHT="64"></String>
          </TextLine>

          
          
          <TextLine ID="eSc_line_54c083ea"
                    TAGREFS="LT518"
                    BASELINE="313 1231 541 1234" 
                    HPOS="311"
                    VPOS="1184"
                    WIDTH="230"
                    HEIGHT="67">
            <Shape><Polygon POINTS="313 1231 311 1248 404 1249 405 1249 407 1249 415 1245 427 1241 444 1245 476 1251 477 1251 479 1251 480 1251 480 1249 488 1244 489 1242 539 1242 541 1234 539 1190 485 1186 483 1186 482 1186 476 1189 463 1195 434 1187 418 1184 417 1184 415 1184 414 1184 414 1186 411 1187 405 1195 347 1195 313 1186 313 1231"/></Shape>
	    <String CONTENT="leurs Loix,"
                    HPOS="311"
                    VPOS="1184"
                    WIDTH="230"
                    HEIGHT="67"></String>
          </TextLine>

          
          
          <TextLine ID="eSc_line_2be0c0cb"
                    TAGREFS="LT518"
                    BASELINE="236 1290 955 1281" 
                    HPOS="235"
                    VPOS="1236"
                    WIDTH="720"
                    HEIGHT="63">
            <Shape><Polygon POINTS="236 1290 236 1299 831 1299 831 1297 833 1297 834 1297 834 1296 835 1296 840 1290 934 1296 935 1296 937 1296 955 1287 955 1281 951 1239 773 1245 768 1239 765 1238 765 1236 763 1236 762 1236 714 1236 713 1236 711 1236 710 1236 706 1241 695 1248 661 1248 646 1241 639 1238 638 1238 636 1238 635 1238 629 1241 617 1247 593 1241 584 1239 583 1239 581 1239 580 1239 578 1241 570 1248 467 1242 446 1241 444 1241 443 1241 440 1242 421 1248 402 1242 398 1241 397 1241 395 1241 386 1242 347 1251 235 1244 236 1290"/></Shape>
	    <String CONTENT="Que maintenant on n’entẽd vne voix:"
                    HPOS="235"
                    VPOS="1236"
                    WIDTH="720"
                    HEIGHT="63"></String>
          </TextLine>

          
          
          <TextLine ID="eSc_line_f97d2403"
                    TAGREFS="LT518"
                    BASELINE="235 1339 931 1335" 
                    HPOS="233"
                    VPOS="1288"
                    WIDTH="698"
                    HEIGHT="62">
            <Shape><Polygon POINTS="235 1339 235 1349 851 1350 853 1350 895 1343 911 1350 912 1350 913 1350 915 1350 931 1342 931 1335 925 1291 909 1300 883 1300 876 1291 873 1290 873 1288 872 1288 870 1288 869 1288 867 1288 866 1288 866 1290 863 1291 854 1300 814 1300 807 1291 804 1290 804 1288 802 1288 801 1288 745 1288 743 1288 742 1288 732 1293 716 1299 706 1293 700 1288 698 1288 697 1288 695 1288 665 1293 616 1300 596 1293 586 1290 584 1290 583 1290 581 1290 580 1290 576 1293 565 1301 521 1301 499 1294 488 1290 486 1290 485 1290 483 1290 476 1294 460 1303 415 1303 408 1294 407 1294 407 1293 405 1293 404 1293 402 1293 401 1293 399 1293 398 1294 391 1301 368 1294 358 1291 356 1291 314 1291 313 1291 311 1291 310 1291 306 1294 295 1301 280 1294 274 1293 272 1293 271 1293 233 1294 235 1339"/></Shape>
	    <String CONTENT="Qui de ton clos oſe parler &amp; bruire:"
                    HPOS="233"
                    VPOS="1288"
                    WIDTH="698"
                    HEIGHT="62"></String>
          </TextLine>

          
          
          <TextLine ID="eSc_line_401ff03d"
                    TAGREFS="LT518"
                    BASELINE="233 1392 954 1388" 
                    HPOS="232"
                    VPOS="1342"
                    WIDTH="722"
                    HEIGHT="59">
            <Shape><Polygon POINTS="233 1392 233 1400 951 1401 954 1388 951 1352 903 1352 903 1350 892 1342 890 1342 889 1342 887 1342 886 1342 857 1350 854 1350 850 1350 779 1342 778 1342 776 1342 775 1342 762 1349 760 1350 758 1349 733 1342 732 1342 730 1342 729 1342 713 1349 706 1353 645 1353 641 1349 636 1345 636 1343 635 1343 633 1343 632 1343 565 1348 512 1352 492 1348 472 1343 470 1343 469 1343 457 1348 440 1353 232 1346 233 1392"/></Shape>
	    <String CONTENT="Car telz paſteurs en feroyẽt deſtruire,"
                    HPOS="232"
                    VPOS="1342"
                    WIDTH="722"
                    HEIGHT="59"></String>
          </TextLine>

          
          
          <TextLine ID="eSc_line_47615107"
                    TAGREFS="LT518"
                    BASELINE="232 1446 955 1441" 
                    HPOS="231"
                    VPOS="1394"
                    WIDTH="724"
                    HEIGHT="83">
            <Shape><Polygon POINTS="232 1446 232 1463 470 1477 472 1477 473 1477 492 1467 501 1476 502 1476 503 1476 505 1476 620 1469 645 1476 646 1476 648 1476 649 1476 680 1462 710 1460 736 1460 737 1460 765 1473 766 1473 805 1475 807 1475 848 1473 850 1473 851 1473 869 1460 913 1467 915 1467 954 1459 955 1441 954 1404 915 1394 913 1394 912 1394 911 1394 909 1394 895 1402 893 1402 824 1394 822 1394 821 1394 820 1394 809 1402 808 1404 711 1404 700 1401 678 1395 677 1395 576 1395 574 1395 573 1395 571 1395 565 1400 558 1404 522 1400 492 1397 490 1397 489 1397 482 1400 469 1405 444 1400 433 1397 431 1397 430 1397 428 1397 423 1400 408 1405 365 1398 350 1397 349 1397 347 1397 346 1397 345 1398 332 1405 231 1398 232 1446"/></Shape>
	    <String CONTENT="Et mettre à mort cil qui entreprẽdroit,"
                    HPOS="231"
                    VPOS="1394"
                    WIDTH="724"
                    HEIGHT="83"></String>
          </TextLine>

          
        </TextBlock>
        
        <TextBlock HPOS="861"
                   VPOS="1452"
                   WIDTH="104"
                   HEIGHT="60"
                   ID="eSc_textblock_8040d4fd"
                   TAGREFS="BT1426">
          <Shape><Polygon POINTS="861 1452 861 1512 965 1512 965 1452"/></Shape>
          
          
          <TextLine ID="eSc_line_61b757f3"
                    TAGREFS="LT518"
                    BASELINE="874 1492 954 1495" 
                    HPOS="873"
                    VPOS="1444"
                    WIDTH="81"
                    HEIGHT="84">
            <Shape><Polygon POINTS="950 1454 874 1444 874 1492 873 1515 918 1528 919 1528 921 1528 922 1528 952 1518 954 1495 952 1480 950 1454"/></Shape>
	    <String CONTENT="Par"
                    HPOS="873"
                    VPOS="1444"
                    WIDTH="81"
                    HEIGHT="84"></String>
          </TextLine>

          
        </TextBlock>
        

        
      </PrintSpace>
    </Page>
  </Layout>
</alto>
