1021 1773
752 166 53 55 63

242 159 396 67 D'eglogue ruſtique.

81 220 730 60 Parler de toy, & mal luy en prendroit.

135 271 628 64 A ce propoz ma muſette penduë

82 323 547 67 Eſt à vn croc inutile rendue,

84 375 699 63 Muſette dy, laquelle au moindre ſon

84 428 651 61 Souloit iadis dreſſer vne chanſon,

87 483 719 59 Que ie ſonnoys d’un ſi ardẽt courage,

84 534 722 68 Qu’a ce haut ſon ceux de noſtre village

87 585 719 69 Sailloyẽt plꝰ dru, plꝰ legier & plꝰ viſte,

85 639 693 68 Que ne fait pas le lieure de ſon giſte,

87 692 727 70 Quand par veneurs & courantes le¬

146 752 146 53 urieres

87 806 725 55 Eſt pourſuiuy en ces larges bruyeres,

87 852 733 62 Et au rondeau auquel paſtres dã coyẽt,

90 902 727 61 Sans y viſer promptement ſe lãcoyẽt,

90 957 730 59 Et ſay stu bien, ô Pan, leur prõptitude,

96 1007 725 61 Viẽt d’un bõ cœur, & de feruẽte eſtude

94 1060 724 71 Qu’ilz ont en eux pour touſiours t'hõ

220 1127 139 47 norer,

91 1164 698 62 Et auec moy ton ſainct nom decorer:

91 1218 727 68 Mais maintenãt noz harpes & muſetes

94 1270 668 65 Noz flageoletz & douces eſpinetes

96 1326 613 64 Sont à repoz: & plus n’y a celuy

98 1378 711 65 D'entre Bergiers, qui oſaſt auiourduy

103 1430 628 78 Une chanſon ſur la harpe ſonner.

766 1478 52 71 Et
