1015 1732
246 132 67 59 64

430 132 414 61 Complainte en forme

252 187 643 59 Et en ton loz la muſette entonner.

314 239 663 69 O puiſſant Pan de ton haut lieu re¬

356 298 130 58 garde

252 344 648 64 Ces cas piteux, & à venir ne tarde

254 395 685 63 Donner ſecours à tes ſimples Brebis

251 451 691 61 Et tes tropeaux errans par les herbis

252 502 722 69 De ces bas lieux qui ſans ceſſe t'inuo¬

307 557 139 65 quent:

251 604 645 72 Et à pitié & mercy te prouoquent.

306 668 599 60 Si tu entens par grace ſinguliere

248 717 665 60 Mon orayſon & treshumble priere

249 764 643 71 Que ie te fais, ô Pan, ie te promets

248 818 694 69 Que ce bienfait ie n’oblieray iamais:

245 873 716 62 Ains mes compains de ce i'aduertiray

242 923 726 70 Et ce grand bien par tout ie publieray.

300 975 629 64 Paſtres alors de chaſcune contrée

246 1024 696 65 Feront entre eux vne gaye aſſemblée

245 1079 720 71 Pour ce grãd bien & heureuſe nouuelle

246 1133 640 62 Qui leur repoz & aiſe renouuelle:

245 1186 660 68 D'autre coſté gracieuſes bergieres:

244 1236 641 70 A te louer ſe monſtreront legieres

241 1291 720 67 Et qui plꝰ eſt gras bœufz en bramerõt,

238 1340 625 65 Et par plaiſir brebis en beſleront,

244 1391 717 97 Oyſeaux du Ciel de differẽs plumages

867 1449 96 65 T'en
