1021 1773
740 174 68 56 65

294 161 396 66 D'eglogue ruſtique.

73 226 727 62 T'en rendront loz en leurs beaux

65 280 320 55 chants ramages.

118 328 675 67 Et quãt à moy qui de ce te requiers,

65 385 707 56 Ie te ꝓmetz n'eſtre point des derniers

66 435 705 58 A te louer: ains ſoubdain ma muſette

63 489 733 63 Ie reprendray, enquoy tant me delecte

67 543 714 58 Que me priuer dela ſienne harmonie,

66 592 669 56 Ce m'eſt oſter le ſeul bien de ma vie.

66 653 680 54 Eſt ce mal fait puiſque le bruit & ſon

67 697 723 62 Qui d’elle part, ne rend autre chanſon.

66 750 703 64 Fors que de toy? & ſonner ne s’amuſe

65 808 679 51 Sinon tes loz ma tendre cornemuſe?

112 855 647 62 Mon flageolet à vn cheſne pendu.

66 905 674 67 Sera auſsi promptement deſpendu,

67 960 662 63 Puis d’icelluy par meſure de doitz

65 1015 701 60 Ie ietteray vn haut ſon par les boys,

65 1066 725 62 Au bruit duquel Nayades & Nappées

65 1119 725 58 Delaiſſeront leurs ſources eſtouppées,

66 1170 691 60 Paſtres auſsi viendront ce ſon ouyr,

65 1226 713 60 Pour auec moy plainement s'eſiouyr.

96 1275 697 65 Alors, ô Pan, le moĩdre & plꝰ bas ſon

65 1329 706 61 Que ie rendray, vaudra vne chanſon

67 1385 646 59 Faite à ton loz, que te preſenteray:

65 1436 728 74 Et d’un grãd cœur au temple chãteray.

514 1489 276 62 E Or
