1015 1732
225 127 76 64 66

408 127 420 60 Complainte en forme

291 180 683 75 Or ſus eſprit, tẽps eſt q̃ donnes ceſſe

236 236 634 62 A ta douleur & faſcheuſe triſteſſe.

235 291 663 65 Langue fay fin à ton piteux parler:

238 347 707 60 Car ce iourd'huy il me conuient aller

239 396 705 61 Coucher là haut vers la haute Roche.

235 447 730 66 Outre ie ſens la nuit ꝗ fort s’approche.

235 500 703 62 Paſtres ie voy es prochaines prairies,

235 554 733 60 Qui leurs brebis menent es bergeries:

235 604 733 68 Et par les champs ne voy aucũ berger,

242 659 725 65 Qui pour la nuit ne s'ẽ voyſe heberger.

290 710 677 66 Puis ie cognoy par ce cheſne trẽblãt

239 763 725 66 Que Pan mon Dieu me monſtre bon

295 812 187 64 ſembant,

236 863 727 70 Dõt à mon cœur ferme ioye eſt rẽdue,

241 920 635 75 Puiſqu’il a ia ma priere entendue.

506 1072 150 75 FIN.
