1021 1773
70 234 708 114 LA CONFES

118 336 616 70 SION DV FIDELLE

322 401 201 55 Chreſtien.

289 502 501 56 E croy en Dieu le Pere

292 555 498 55 tout puiſſant, createur du

294 607 495 57 ciel & de la terre. Ie pren

292 658 495 64 celluy là pour Pere, lequel

289 712 498 56 a ſoucy pour nous, lequel

289 772 498 49 nous entretient & nourrit,

63 814 726 57 lequel nous baille toutes choſes neceſ¬

62 868 727 61 ſaires, comme vn bon pere fait à ſes en

65 917 725 67 fans, lequel eſt de grãd bonte & clemẽ

66 969 724 63 ce, qui ne fait point ces choſes ſeulemẽt

66 1022 723 61 à ſes eſleuz: mais auſſi à tous, faiſant

65 1077 724 60 luire ſon Soleil ſur les bons & mau¬

66 1130 723 57 uais, faiſant plouuoyr ſur les iuſtes &

66 1180 720 62 iniuſtes, ſans le vouloir duquel il ne

67 1238 719 57 tombera point vn cheueu de ma teſte.

66 1285 721 63 I'ay toute ma fiãce en luy, ſoit en mort

67 1340 722 59 ou deliurance: car il eſt tout bon, & n'a

69 1390 720 60 beſoing d’ayde, ne de conſeil pour fai¬

70 1446 721 75 re quelque choſe que ce ſoit. Pourtant

172 718 102 63 I

749 171 51 84 67

412 1499 381 76 E 2 ie me
