1015 1732
251 150 62 67 68

466 150 276 54 La Confeſſion

262 204 729 61 ie me fye en luy en tout & par tout pen¬

262 256 729 62 ſant à part moy en mes afflictions, leſ¬

265 307 726 69 quelles i'endure maintenant: Puis qu’il

264 363 729 58 donne viande aux petis corbeaux cri¬

262 415 731 59 ans apres luy, & repaiſt les oyſeaux du

265 466 724 62 ciel, qui ne labourent, ne fillent, puis

265 518 726 69 qu’il a retirẽ ſon peuple du pays d’'E¬

268 573 725 66 gipte par main forte & en ſi grand mi¬

265 623 725 66 racle, les faiſant paſſer la mer rouge à

267 675 726 66 pied ſec ſelon leur foy: auſſi eſt il puiſ¬

262 731 728 62 ſant de m'entretenir tant en mon corps

265 779 726 62 qu'en mon ame, & me deliurer (ſi c'eſt

262 832 729 62 ſon bon plaiſir) de toutes mes afflic¬

265 884 725 68 tions & angoyſſes. Auquel ie prie que

264 936 727 61 ſelon ſa bonne volunté ſoyt fait de

267 993 726 63 moy, ſoyt qu’il me faille viure ou mou

267 1043 722 61 rir, moyennant que ie ſoye enuironne

267 1096 723 65 de ſa grace & miſericorde, Ie croy que

267 1146 724 67 par ſa ſeule parolle il a crée le Ciel, la ter

267 1200 724 62 re, les oyſeaux de l’air, les beſtes de la

267 1251 726 65 terre, & les poiſſons de mer, qu’il a crée

267 1306 724 56 l'homme le dernier de toutes choſes à

265 1356 729 61 ſon image& ſemblance comme vn chef

267 1410 729 76 d'oeuure par deſſus toutes les creatu¬

926 1475 68 53 res
