1021 1773
737 208 60 50 69

242 195 384 62 Du fidelle Chreſtien

70 257 727 59 res terreſtres, comme s’il ſe fut vou¬

72 313 724 54 lu cõplaire enceſte œure par deſſus tou

69 363 725 65 tes autres, & qu’il deſiraſt ſa gloyre &

70 419 724 55 puiſſance eſtre continuellement con¬

69 466 728 67 templée & honnorẽe en icelluy, l’ayant

67 521 730 61 fait à ſon image & ſemblance, luy ay¬

69 573 727 65 ant donné vraye cognoyſſance de ſon

70 627 723 58 facteur, l'ayant fait tout pur & inno¬

70 678 724 59 cent, luy ayant aſſubietty & donné

69 740 727 53 pour ſon vſage toutes autres creatu¬

67 784 727 64 res, auquel il commanda de ne manger

69 834 724 62 du fruit de l'arbre de ſcience de bien &

70 886 721 66 de mal, luy declairant qu’en quelque

69 950 724 56 iour qu’il en mangeroyt, il mourroyt

72 994 721 56 de mort, il ſeroyt ſubiet à la mort cor¬

73 1047 720 62 porelle, & des lors mourroyt de mort

70 1100 721 61 ſpirituelle. Or le paoure homme ſuy¬

72 1152 717 58 uant ſa terrienne & peruerſe nature,

69 1204 722 60 ſans nulle comparaiſon treſeſlongné

72 1257 718 63 de Dieu, n’'ayant plus ſon Createur de

70 1309 721 68 uant les yeux, a outrepaſſe ce petit com

72 1363 718 55 mandement. Et tout incõtinent il ſe co

75 1413 719 61 gneut eſtre nud non ſeulement des ve¬

72 1471 721 78 ſtemens du corps: mais auſsi de ſa pure

568 1521 231 71 E 3 té
