<?xml version="1.0" encoding="UTF-8"?>
<alto xmlns:xsi="http://www.w3.org/2001/XMLSchema-instance"
      xmlns="http://www.loc.gov/standards/alto/ns-v4#"
      xsi:schemaLocation="http://www.loc.gov/standards/alto/ns-v4# http://www.loc.gov/standards/alto/v4/alto-4-2.xsd">
  <Description>
    <MeasurementUnit>pixel</MeasurementUnit>
    <sourceImageInformation>
      <fileName>73_0411f_default.jpg</fileName>
      <fileIdentifier>https://www.e-rara.ch/i3f/v20/29432312/full/full/0/default.jpg</fileIdentifier>
    </sourceImageInformation>
  </Description>
  
  <Tags>
    <OtherTag ID="BT1420" LABEL="DamageZone" DESCRIPTION="block type DamageZone"/><OtherTag ID="BT1421" LABEL="DropCapitalZone" DESCRIPTION="block type DropCapitalZone"/><OtherTag ID="BT1422" LABEL="GraphicZone" DESCRIPTION="block type GraphicZone"/><OtherTag ID="BT1423" LABEL="MainZone" DESCRIPTION="block type MainZone"/><OtherTag ID="BT1424" LABEL="MarginTextZone" DESCRIPTION="block type MarginTextZone"/><OtherTag ID="BT1425" LABEL="MarginTextZone:handwrittenAddition" DESCRIPTION="block type MarginTextZone:handwrittenAddition"/><OtherTag ID="BT1426" LABEL="QuireMarksZone" DESCRIPTION="block type QuireMarksZone"/><OtherTag ID="BT1427" LABEL="StampZone" DESCRIPTION="block type StampZone"/><OtherTag ID="BT1428" LABEL="TitlePageZone" DESCRIPTION="block type TitlePageZone"/><OtherTag ID="BT1429" LABEL="NumberingZone" DESCRIPTION="block type NumberingZone"/><OtherTag ID="BT1460" LABEL="RunningTitleZone" DESCRIPTION="block type RunningTitleZone"/>
    <OtherTag ID="LT518" LABEL="DefaultLine" DESCRIPTION="line type DefaultLine"/><OtherTag ID="LT519" LABEL="DropCapitalLine" DESCRIPTION="line type DropCapitalLine"/><OtherTag ID="LT520" LABEL="HeadingLine" DESCRIPTION="line type HeadingLine"/>
  </Tags>
  
  <Layout>
    <Page WIDTH="1015"
          HEIGHT="1732"
          PHYSICAL_IMG_NR="69"
          ID="eSc_dummypage_">
      <PrintSpace HPOS="0"
                  VPOS="0"
                  WIDTH="1015"
                  HEIGHT="1732">
        
        <TextBlock HPOS="244"
                   VPOS="173"
                   WIDTH="72"
                   HEIGHT="63"
                   ID="eSc_textblock_ed41779d"
                   TAGREFS="BT1429">
          <Shape><Polygon POINTS="244 173 244 236 316 236 316 173"/></Shape>
          
          
          <TextLine ID="eSc_line_a0074cbb"
                    TAGREFS="LT518"
                    BASELINE="261 215 298 215" 
                    HPOS="259"
                    VPOS="171"
                    WIDTH="38"
                    HEIGHT="57">
            <Shape><Polygon POINTS="259 213 259 228 297 225 297 213 297 171 259 171 259 213"/></Shape>
	    <String CONTENT="70"
                    HPOS="259"
                    VPOS="171"
                    WIDTH="38"
                    HEIGHT="57"></String>
          </TextLine>

          
        </TextBlock>
        
        <TextBlock HPOS="443"
                   VPOS="154"
                   WIDTH="333"
                   HEIGHT="74"
                   ID="eSc_textblock_a0034b6c"
                   TAGREFS="BT1460">
          <Shape><Polygon POINTS="443 154 443 228 776 228 776 154"/></Shape>
          
          
          <TextLine ID="eSc_line_8564790b"
                    TAGREFS="LT520"
                    BASELINE="460 207 762 207" 
                    HPOS="460"
                    VPOS="161"
                    WIDTH="302"
                    HEIGHT="65">
            <Shape><Polygon POINTS="734 165 720 165 706 165 691 165 677 164 662 164 648 164 633 164 619 164 615 163 613 165 612 168 564 168 561 165 557 163 547 163 538 161 531 165 525 167 513 165 492 161 489 161 475 161 460 170 460 207 460 226 762 226 762 207 759 181 749 165"/></Shape>
	    <String CONTENT="La Confeſsion"
                    HPOS="460"
                    VPOS="161"
                    WIDTH="302"
                    HEIGHT="65"></String>
          </TextLine>

          
        </TextBlock>
        
        <TextBlock HPOS="246"
                   VPOS="227"
                   WIDTH="766"
                   HEIGHT="1222"
                   ID="eSc_textblock_157beae3"
                   TAGREFS="BT1423">
          <Shape><Polygon POINTS="246 231 249 1449 1008 1447 1010 382 1012 227"/></Shape>
          
          
          <TextLine ID="eSc_line_069eb0c7"
                    TAGREFS="LT518"
                    BASELINE="264 275 996 268" 
                    HPOS="262"
                    VPOS="225"
                    WIDTH="734"
                    HEIGHT="57">
            <Shape><Polygon POINTS="984 235 970 233 955 233 944 232 944 233 879 233 874 229 869 229 857 228 853 232 811 226 809 226 808 226 807 226 807 228 799 235 682 235 671 226 671 225 669 225 668 225 576 225 574 225 573 225 571 225 551 238 482 238 469 226 467 226 466 226 464 226 463 226 441 236 427 230 421 230 410 230 395 236 298 228 297 228 295 228 262 239 264 275 264 282 996 278 996 268 993 235 984 235"/></Shape>
	    <String CONTENT="té &amp; innocence, &amp; de toutes graces &amp;"
                    HPOS="262"
                    VPOS="225"
                    WIDTH="734"
                    HEIGHT="57"></String>
          </TextLine>

          
          
          <TextLine ID="eSc_line_84946e3a"
                    TAGREFS="LT518"
                    BASELINE="265 327 994 320" 
                    HPOS="264"
                    VPOS="272"
                    WIDTH="730"
                    HEIGHT="67">
            <Shape><Polygon POINTS="265 327 265 339 818 337 867 330 870 330 873 330 967 336 968 336 970 336 994 327 994 320 991 284 913 284 912 282 898 272 896 272 895 272 893 272 843 282 831 285 732 285 726 281 711 274 710 274 708 274 707 274 690 281 682 284 672 281 649 275 648 275 646 275 645 275 643 275 643 277 638 281 632 285 612 281 583 275 581 275 580 275 567 281 552 287 538 281 528 277 526 277 475 277 473 277 472 277 470 277 470 278 467 280 460 287 430 280 418 278 417 278 415 278 414 278 414 280 412 280 405 287 397 280 395 280 395 278 394 278 392 278 391 278 378 280 321 288 264 280 265 327"/></Shape>
	    <String CONTENT="benefices, deſquelz il eſtoyt aorné par¬"
                    HPOS="264"
                    VPOS="272"
                    WIDTH="730"
                    HEIGHT="67"></String>
          </TextLine>

          
          
          <TextLine ID="eSc_line_f58da6ef"
                    TAGREFS="LT518"
                    BASELINE="267 379 993 373" 
                    HPOS="265"
                    VPOS="329"
                    WIDTH="728"
                    HEIGHT="60">
            <Shape><Polygon POINTS="267 379 267 389 991 381 993 373 991 334 977 329 976 329 974 329 973 329 971 329 963 334 958 337 954 334 945 329 944 329 942 329 941 329 939 329 938 329 938 330 932 334 929 339 864 339 853 336 809 329 808 329 807 329 805 329 805 330 804 330 798 337 796 339 789 337 763 330 762 330 760 330 759 330 758 330 750 337 747 340 714 340 711 337 695 330 694 330 693 330 691 330 690 330 677 339 674 340 604 340 600 339 578 331 577 331 576 331 574 331 547 340 538 333 538 331 537 331 535 331 483 331 482 331 480 331 479 331 466 340 407 333 405 333 404 333 384 343 313 343 303 333 301 333 300 333 298 333 297 333 265 343 267 379"/></Shape>
	    <String CONTENT="auant. Et s’eſtveu enuironné de peché"
                    HPOS="265"
                    VPOS="329"
                    WIDTH="728"
                    HEIGHT="60"></String>
          </TextLine>

          
          
          <TextLine ID="eSc_line_46300503"
                    TAGREFS="LT518"
                    BASELINE="268 431 996 425" 
                    HPOS="267"
                    VPOS="379"
                    WIDTH="729"
                    HEIGHT="65">
            <Shape><Polygon POINTS="268 431 268 444 996 438 996 425 994 391 964 379 963 379 961 379 960 379 934 391 847 391 814 379 812 379 811 379 809 379 781 391 680 385 678 385 629 392 597 382 596 382 594 382 447 394 425 383 424 383 423 383 365 394 353 385 353 383 352 383 350 383 280 383 278 383 277 383 275 383 275 385 267 392 268 431"/></Shape>
	    <String CONTENT="&amp; d’ordures: tellement que l’image de"
                    HPOS="267"
                    VPOS="379"
                    WIDTH="729"
                    HEIGHT="65"></String>
          </TextLine>

          
          
          <TextLine ID="eSc_line_62688026"
                    TAGREFS="LT518"
                    BASELINE="269 483 994 477" 
                    HPOS="268"
                    VPOS="431"
                    WIDTH="726"
                    HEIGHT="66">
            <Shape><Polygon POINTS="269 483 269 497 993 487 994 477 991 441 928 441 928 440 919 433 919 431 918 431 916 431 915 431 913 431 879 440 876 440 873 440 833 431 831 431 792 438 779 441 769 438 746 431 745 431 743 431 742 431 720 438 710 441 700 438 678 431 677 431 675 431 674 431 658 438 651 441 645 438 635 431 633 431 632 431 630 431 629 431 617 437 607 443 522 437 459 433 457 433 418 435 336 444 326 435 326 434 324 434 323 434 321 434 268 434 269 483"/></Shape>
	    <String CONTENT="Dieu a eſté deformẽe &amp; effacée en luy."
                    HPOS="268"
                    VPOS="431"
                    WIDTH="726"
                    HEIGHT="66"></String>
          </TextLine>

          
          
          <TextLine ID="eSc_line_d4fdf2a5"
                    TAGREFS="LT518"
                    BASELINE="268 536 1000 529" 
                    HPOS="267"
                    VPOS="482"
                    WIDTH="733"
                    HEIGHT="67">
            <Shape><Polygon POINTS="268 536 268 549 999 538 1000 529 997 487 968 483 967 483 965 483 955 487 947 492 939 487 932 483 931 483 929 483 928 483 926 483 925 483 918 487 912 492 893 489 857 482 856 482 854 482 853 482 853 483 847 489 843 495 796 495 783 490 758 483 756 483 755 483 753 483 752 483 740 490 736 493 730 490 711 483 710 483 708 483 707 483 706 483 706 484 698 492 695 496 501 496 498 495 490 487 490 486 489 486 488 486 456 486 454 486 453 486 415 496 407 497 404 496 392 487 391 487 389 487 272 487 271 487 269 487 268 487 268 489 267 489 268 536"/></Shape>
	    <String CONTENT="Et à ſenty le iugement de Dieu ſi terri¬"
                    HPOS="267"
                    VPOS="482"
                    WIDTH="733"
                    HEIGHT="67"></String>
          </TextLine>

          
          
          <TextLine ID="eSc_line_5c58769a"
                    TAGREFS="LT518"
                    BASELINE="268 587 997 581" 
                    HPOS="268"
                    VPOS="535"
                    WIDTH="729"
                    HEIGHT="66">
            <Shape><Polygon POINTS="268 601 996 590 997 581 996 548 973 535 971 535 970 535 968 535 935 547 889 535 887 535 886 535 885 535 883 535 883 536 872 547 872 548 812 548 807 547 789 536 788 536 786 536 785 536 760 545 753 549 675 549 667 545 652 536 651 536 649 536 648 536 626 544 587 538 586 538 584 538 583 538 576 544 568 549 532 544 501 538 470 538 469 538 467 538 466 538 466 539 462 542 453 549 415 542 399 539 398 539 397 539 389 542 358 552 334 552 321 541 320 539 319 539 317 539 316 539 314 539 310 541 293 547 268 541 268 587 268 601"/></Shape>
	    <String CONTENT="ble, qu’en oyant ſeulement la voix du"
                    HPOS="268"
                    VPOS="535"
                    WIDTH="729"
                    HEIGHT="66"></String>
          </TextLine>

          
          
          <TextLine ID="eSc_line_fd525925"
                    TAGREFS="LT518"
                    BASELINE="268 640 997 635" 
                    HPOS="267"
                    VPOS="588"
                    WIDTH="730"
                    HEIGHT="68">
            <Shape><Polygon POINTS="268 640 268 656 308 649 408 655 417 655 418 655 421 655 453 648 996 648 997 635 993 588 879 598 820 588 812 588 811 588 809 588 807 590 770 600 669 590 658 590 656 590 655 590 654 590 628 603 544 603 531 594 529 594 528 594 526 594 486 601 476 593 476 591 475 591 473 591 449 591 447 591 446 591 444 591 444 593 428 604 352 604 330 593 329 593 327 593 326 593 267 593 268 640"/></Shape>
	    <String CONTENT="Seigneur ſe pourmenant en l&#39;air, s’eſt"
                    HPOS="267"
                    VPOS="588"
                    WIDTH="730"
                    HEIGHT="68"></String>
          </TextLine>

          
          
          <TextLine ID="eSc_line_26bde37d"
                    TAGREFS="LT518"
                    BASELINE="268 691 997 687" 
                    HPOS="267"
                    VPOS="642"
                    WIDTH="730"
                    HEIGHT="58">
            <Shape><Polygon POINTS="268 691 268 700 996 695 997 687 994 653 916 645 915 645 867 652 860 646 860 645 859 645 857 645 856 645 854 645 853 645 844 653 782 653 753 642 752 642 750 642 749 642 730 650 707 643 706 643 704 643 703 643 701 643 701 645 691 653 639 643 516 643 515 643 513 643 512 643 512 645 501 653 492 646 492 645 490 645 489 645 488 645 486 645 462 656 381 656 369 648 368 648 366 648 365 648 363 648 362 648 350 655 278 645 277 645 275 645 274 645 274 646 267 652 268 691"/></Shape>
	    <String CONTENT="du tout caché de pœur de ſe trouuer en"
                    HPOS="267"
                    VPOS="642"
                    WIDTH="730"
                    HEIGHT="58"></String>
          </TextLine>

          
          
          <TextLine ID="eSc_line_df8ba335"
                    TAGREFS="LT518"
                    BASELINE="268 744 996 738" 
                    HPOS="267"
                    VPOS="692"
                    WIDTH="729"
                    HEIGHT="68">
            <Shape><Polygon POINTS="268 744 269 760 293 753 443 759 447 759 449 759 450 759 469 751 518 757 519 757 643 750 993 754 996 738 993 704 877 704 874 702 833 692 831 692 830 692 799 701 789 705 766 705 763 701 756 695 756 694 755 694 753 694 752 694 680 701 630 705 623 700 617 695 616 695 615 695 613 695 612 695 602 700 591 707 528 707 501 700 480 695 479 695 477 695 466 700 441 707 414 698 407 697 405 697 404 697 386 698 346 704 336 698 334 697 333 697 332 697 330 697 329 697 327 697 326 698 314 705 267 698 268 744"/></Shape>
	    <String CONTENT="ſa preſence. Par ceſte tranſgreſſiontoute"
                    HPOS="267"
                    VPOS="692"
                    WIDTH="729"
                    HEIGHT="68"></String>
          </TextLine>

          
          
          <TextLine ID="eSc_line_b0b5c780"
                    TAGREFS="LT518"
                    BASELINE="269 796 997 792" 
                    HPOS="268"
                    VPOS="743"
                    WIDTH="729"
                    HEIGHT="68">
            <Shape><Polygon POINTS="269 796 269 811 996 801 997 792 994 756 937 743 935 743 934 743 892 754 890 756 853 756 851 754 837 744 835 744 834 744 833 744 831 744 830 744 817 754 802 743 801 743 799 743 798 743 796 743 758 754 749 757 706 757 701 753 691 744 690 744 688 744 687 744 685 744 684 744 684 746 674 753 671 757 615 757 612 753 603 746 603 744 602 744 600 744 599 744 560 753 557 753 545 744 544 744 542 744 541 744 462 746 460 746 441 751 424 757 410 751 394 746 392 746 391 746 360 751 330 757 268 751 269 796"/></Shape>
	    <String CONTENT="la poſterité d’Adam eſt tombée en l&#39;ire"
                    HPOS="268"
                    VPOS="743"
                    WIDTH="729"
                    HEIGHT="68"></String>
          </TextLine>

          
          
          <TextLine ID="eSc_line_063b366a"
                    TAGREFS="LT518"
                    BASELINE="269 848 997 844" 
                    HPOS="268"
                    VPOS="798"
                    WIDTH="729"
                    HEIGHT="59">
            <Shape><Polygon POINTS="991 805 968 798 967 798 965 798 964 798 929 808 795 808 753 798 752 798 620 799 619 799 617 799 607 808 576 799 574 799 573 799 571 799 570 799 570 801 561 809 501 809 493 803 493 802 492 802 490 802 489 802 405 809 394 801 392 801 391 801 285 801 284 801 282 801 281 801 268 808 269 848 269 857 996 853 997 844 996 838 991 805"/></Shape>
	    <String CONTENT="&amp; indignation de Dieu, &amp; en porte le"
                    HPOS="268"
                    VPOS="798"
                    WIDTH="729"
                    HEIGHT="59"></String>
          </TextLine>

          
          
          <TextLine ID="eSc_line_7508518b"
                    TAGREFS="LT518"
                    BASELINE="269 902 997 896" 
                    HPOS="268"
                    VPOS="851"
                    WIDTH="729"
                    HEIGHT="62">
            <Shape><Polygon POINTS="993 863 879 863 867 853 867 851 866 851 864 851 863 851 861 851 860 851 846 861 794 853 792 853 791 853 789 853 789 854 779 863 752 853 750 853 749 853 747 853 714 861 632 853 630 853 629 853 628 853 613 864 571 855 570 855 568 855 567 855 554 864 496 857 495 857 493 857 475 864 459 854 457 854 456 854 454 854 453 854 451 854 451 855 450 855 444 863 420 858 418 858 417 858 399 866 385 855 384 855 382 855 381 855 379 855 378 855 363 866 334 855 333 855 332 855 268 867 269 902 269 913 976 913 976 912 977 912 997 903 997 896 994 866 993 863"/></Shape>
	    <String CONTENT="meſme iugement, eſtant des ſa conceps"
                    HPOS="268"
                    VPOS="851"
                    WIDTH="729"
                    HEIGHT="62"></String>
          </TextLine>

          
          
          <TextLine ID="eSc_line_1ac86e55"
                    TAGREFS="LT518"
                    BASELINE="271 952 996 948" 
                    HPOS="269"
                    VPOS="902"
                    WIDTH="727"
                    HEIGHT="65">
            <Shape><Polygon POINTS="271 952 271 967 994 956 996 948 994 912 977 902 976 902 974 902 973 902 971 902 970 902 957 912 918 902 916 902 915 902 913 902 892 913 844 913 828 902 827 902 825 902 824 902 781 910 753 902 752 902 750 902 681 903 680 903 654 913 633 906 632 906 630 906 580 913 565 903 564 903 563 903 561 903 560 903 532 912 512 903 511 903 509 903 508 903 473 915 399 904 398 904 397 904 395 904 384 913 375 906 373 906 372 906 371 906 369 906 368 906 355 916 317 916 298 906 297 906 295 906 294 906 269 916 271 952"/></Shape>
	    <String CONTENT="tion iuſques à ſa mort ſubiet &amp; enclin à"
                    HPOS="269"
                    VPOS="902"
                    WIDTH="727"
                    HEIGHT="65"></String>
          </TextLine>

          
          
          <TextLine ID="eSc_line_e9e06156"
                    TAGREFS="LT518"
                    BASELINE="269 1007 999 1001" 
                    HPOS="268"
                    VPOS="952"
                    WIDTH="731"
                    HEIGHT="64">
            <Shape><Polygon POINTS="269 1007 269 1016 997 1010 999 1001 994 955 877 964 869 956 863 952 861 952 860 952 859 952 857 952 834 958 804 965 752 959 708 955 707 955 706 955 693 961 684 965 680 961 672 955 672 954 671 954 669 954 646 954 645 954 643 954 626 962 619 967 616 962 609 956 609 955 607 955 606 955 576 955 574 955 573 955 571 955 560 964 558 964 550 956 550 955 548 955 547 955 477 955 476 955 475 955 451 967 447 968 440 967 404 956 402 956 337 956 336 956 334 956 333 956 314 969 268 969 269 1007"/></Shape>
	    <String CONTENT="mal faire, &amp; à offenſer Dieu, plus toſt"
                    HPOS="268"
                    VPOS="952"
                    WIDTH="731"
                    HEIGHT="64"></String>
          </TextLine>

          
          
          <TextLine ID="eSc_line_9bdfffcb"
                    TAGREFS="LT518"
                    BASELINE="269 1056 999 1053" 
                    HPOS="268"
                    VPOS="1007"
                    WIDTH="731"
                    HEIGHT="63">
            <Shape><Polygon POINTS="269 1056 269 1070 997 1063 999 1053 996 1020 945 1020 932 1008 932 1007 931 1007 929 1007 928 1007 864 1020 773 1020 760 1010 759 1010 758 1010 756 1010 755 1010 736 1018 646 1007 645 1007 643 1007 642 1007 626 1018 613 1008 612 1008 610 1008 609 1008 407 1020 385 1008 384 1008 336 1008 334 1008 268 1021 269 1056"/></Shape>
	    <String CONTENT="qu’à luy complaire. Pourtant tout hom"
                    HPOS="268"
                    VPOS="1007"
                    WIDTH="731"
                    HEIGHT="63"></String>
          </TextLine>

          
          
          <TextLine ID="eSc_line_309a7c6b"
                    TAGREFS="LT518"
                    BASELINE="269 1108 997 1105" 
                    HPOS="268"
                    VPOS="1059"
                    WIDTH="729"
                    HEIGHT="59">
            <Shape><Polygon POINTS="269 1108 269 1118 996 1117 997 1105 996 1070 973 1060 971 1060 970 1060 968 1060 967 1060 954 1070 903 1070 874 1059 873 1059 872 1059 870 1059 850 1069 801 1059 799 1059 798 1059 796 1059 796 1060 786 1070 766 1070 721 1059 720 1059 719 1059 717 1059 701 1069 671 1063 669 1063 606 1070 590 1060 589 1060 587 1060 586 1060 584 1060 565 1070 544 1060 542 1060 541 1060 499 1070 488 1062 488 1060 486 1060 485 1060 386 1060 385 1060 384 1060 382 1060 369 1070 336 1063 334 1063 268 1072 269 1108"/></Shape>
	    <String CONTENT="me par icelle eſtoit maudit, &amp; alloyt à"
                    HPOS="268"
                    VPOS="1059"
                    WIDTH="729"
                    HEIGHT="59"></String>
          </TextLine>

          
          
          <TextLine ID="eSc_line_6781f1d3"
                    TAGREFS="LT518"
                    BASELINE="272 1161 1000 1158" 
                    HPOS="271"
                    VPOS="1112"
                    WIDTH="729"
                    HEIGHT="65">
            <Shape><Polygon POINTS="272 1161 272 1177 630 1177 630 1176 632 1176 633 1176 641 1171 646 1169 737 1170 963 1174 964 1174 1000 1166 1000 1158 997 1122 916 1112 915 1112 913 1112 912 1112 896 1122 840 1122 821 1112 820 1112 818 1112 817 1112 815 1112 815 1114 807 1122 772 1122 706 1112 704 1112 646 1121 638 1114 638 1112 636 1112 635 1112 633 1112 632 1112 610 1124 571 1124 561 1114 560 1114 558 1114 557 1114 421 1122 355 1114 353 1114 352 1114 350 1114 337 1124 271 1124 272 1161"/></Shape>
	    <String CONTENT="perdition. Mais ce bon Pere de miſeri¬"
                    HPOS="271"
                    VPOS="1112"
                    WIDTH="729"
                    HEIGHT="65"></String>
          </TextLine>

          
          
          <TextLine ID="eSc_line_a35b2a6b"
                    TAGREFS="LT518"
                    BASELINE="271 1213 997 1213" 
                    HPOS="271"
                    VPOS="1167"
                    WIDTH="726"
                    HEIGHT="61">
            <Shape><Polygon POINTS="271 1213 271 1221 648 1228 649 1228 682 1221 684 1221 711 1228 713 1228 714 1228 716 1228 736 1221 756 1228 758 1228 759 1228 820 1221 835 1228 837 1228 838 1228 899 1221 964 1228 965 1228 967 1228 997 1219 997 1213 997 1176 970 1167 968 1167 967 1167 918 1176 903 1167 902 1167 900 1167 899 1167 898 1167 896 1167 885 1177 785 1177 745 1167 743 1167 742 1167 714 1176 671 1167 669 1167 668 1167 649 1177 597 1177 508 1167 506 1167 505 1167 503 1167 503 1169 495 1177 428 1177 415 1167 414 1167 412 1167 352 1167 350 1167 349 1167 347 1167 334 1176 308 1167 307 1167 306 1167 304 1167 271 1176 271 1213"/></Shape>
	    <String CONTENT="corde ne voulant perdre ſon ouurage,"
                    HPOS="271"
                    VPOS="1167"
                    WIDTH="726"
                    HEIGHT="61"></String>
          </TextLine>

          
          
          <TextLine ID="eSc_line_12f15c9c"
                    TAGREFS="LT518"
                    BASELINE="272 1265 999 1265" 
                    HPOS="272"
                    VPOS="1221"
                    WIDTH="727"
                    HEIGHT="62">
            <Shape><Polygon POINTS="272 1265 272 1283 376 1283 376 1281 378 1281 379 1281 379 1280 385 1274 397 1280 399 1281 401 1281 402 1281 411 1280 450 1274 528 1278 570 1281 571 1281 999 1273 999 1265 999 1231 958 1221 957 1221 887 1229 885 1229 872 1221 870 1221 869 1221 867 1221 733 1228 710 1231 654 1231 651 1228 639 1221 638 1221 636 1221 635 1221 633 1221 632 1221 622 1228 620 1229 607 1228 558 1221 557 1221 555 1221 554 1221 547 1228 544 1231 496 1231 493 1226 486 1221 485 1221 483 1221 482 1221 272 1225 272 1265"/></Shape>
	    <String CONTENT="promit à l’homme que par la ſemence"
                    HPOS="272"
                    VPOS="1221"
                    WIDTH="727"
                    HEIGHT="62"></String>
          </TextLine>

          
          
          <TextLine ID="eSc_line_1a614802"
                    TAGREFS="LT518"
                    BASELINE="269 1317 997 1314" 
                    HPOS="268"
                    VPOS="1268"
                    WIDTH="729"
                    HEIGHT="68">
            <Shape><Polygon POINTS="269 1317 269 1336 996 1326 997 1314 994 1278 941 1268 939 1268 727 1275 654 1277 648 1274 636 1268 635 1268 633 1268 632 1268 615 1274 600 1280 547 1280 537 1273 531 1270 529 1270 528 1270 526 1270 525 1270 516 1273 501 1278 268 1271 269 1317"/></Shape>
	    <String CONTENT="de la femme (laquelle auoyt eſté ſeduite"
                    HPOS="268"
                    VPOS="1268"
                    WIDTH="729"
                    HEIGHT="68"></String>
          </TextLine>

          
          
          <TextLine ID="eSc_line_c5c1de35"
                    TAGREFS="LT518"
                    BASELINE="274 1372 994 1366" 
                    HPOS="272"
                    VPOS="1319"
                    WIDTH="722"
                    HEIGHT="69">
            <Shape><Polygon POINTS="274 1372 274 1381 447 1388 449 1388 450 1388 475 1381 480 1379 489 1381 534 1387 535 1387 537 1387 560 1379 564 1378 763 1378 769 1378 804 1385 805 1385 993 1376 994 1366 991 1332 903 1332 903 1330 889 1319 887 1319 886 1319 885 1319 821 1330 811 1332 805 1330 789 1324 788 1324 786 1324 785 1324 768 1330 766 1330 765 1330 747 1320 746 1320 745 1320 703 1329 681 1320 680 1320 678 1320 677 1320 651 1330 649 1330 648 1330 635 1320 633 1320 632 1320 630 1320 629 1320 628 1320 613 1329 606 1335 580 1335 573 1329 561 1322 560 1322 558 1322 557 1322 493 1329 444 1335 427 1329 410 1323 408 1323 353 1323 352 1323 350 1323 349 1323 342 1329 333 1333 272 1329 274 1372"/></Shape>
	    <String CONTENT="par le ſerpent) la teſte du ſerpent ſeroyt"
                    HPOS="272"
                    VPOS="1319"
                    WIDTH="722"
                    HEIGHT="69"></String>
          </TextLine>

          
          
          <TextLine ID="eSc_line_9d63fe2a"
                    TAGREFS="LT518"
                    BASELINE="269 1423 994 1423" 
                    HPOS="269"
                    VPOS="1375"
                    WIDTH="725"
                    HEIGHT="72">
            <Shape><Polygon POINTS="443 1421 428 1421 414 1421 399 1421 385 1421 371 1421 356 1421 342 1421 327 1421 313 1421 298 1421 284 1421 280 1421 269 1423 269 1440 320 1446 321 1446 323 1446 336 1440 345 1436 349 1440 353 1444 355 1444 356 1444 358 1444 385 1440 411 1436 423 1440 438 1446 440 1446 441 1447 609 1447 609 1446 610 1446 612 1446 623 1439 628 1436 633 1439 648 1446 649 1446 651 1446 652 1446 671 1439 678 1436 688 1439 716 1446 717 1446 719 1446 720 1446 721 1446 732 1439 734 1436 750 1437 792 1444 794 1444 795 1444 796 1444 804 1437 807 1436 993 1436 994 1423 993 1379 912 1387 905 1382 893 1375 892 1375 890 1375 889 1375 887 1375 861 1384 848 1388 833 1385 782 1375 781 1375 779 1375 778 1375 759 1387 610 1375 609 1375 551 1387 537 1376 535 1376 534 1376 532 1376 531 1376 511 1385 502 1376 502 1375 501 1375 499 1375 476 1375 475 1375 473 1375 472 1375 450 1391 443 1421"/></Shape>
	    <String CONTENT="brisée: &amp; iaſoit qu’il fut pecheur abomi"
                    HPOS="269"
                    VPOS="1375"
                    WIDTH="725"
                    HEIGHT="72"></String>
          </TextLine>

          
        </TextBlock>
        

        
      </PrintSpace>
    </Page>
  </Layout>
</alto>
