1021 1773
791 197 36 70 71

317 195 355 60 Du fidele Creſtien

87 252 734 67 nable & enfant d’ire, touteſfois par icel

85 308 735 59 Ie ſemence il ſeroyt nettoyé, & fait en¬

85 359 735 65 fant de Dieu: & combien qu'il fut con¬

87 413 730 61 damné à mort eternelle, neantmoins ce

85 468 730 65 ſte mort luy ſeroit conuertye en mort

87 517 730 68 temporelle. Sur laquelle promeſſe eſtã¬

84 568 736 70 appuié le iuſte Abel, a par Foy viue fait

84 620 734 68 ſon offrande à Dieu le createur, & luy a

84 673 733 64 eſté agreable. Ce bon Pere cognoiſſant

87 728 731 59 qu’il n’y auoit rien en l'homme que fra

90 780 728 66 gilité & impuiſſance, a voulu ſouuent

85 834 729 56 redire ceſte promeſſe, de pœur qu’il ne

85 885 730 65 tombaſt en deſeſpoir de la longue atten

85 935 726 66 te d’icelle. Comme il la faite à Abrahã,

85 986 729 64 à Iſaac, à ſacob, & l’a continuée iuſques

84 1041 728 61 à Dauid. Et depuys la touſiours & in¬

85 1094 726 65 ceſſãment ramentué par ſes Prophetes,

85 1149 726 56 de pœur que l'homme ne tombaſt en

84 1198 725 63 meſcognoyſſance de Dieu. Or s'eſt il

84 1251 725 66 efleue & orgueilly, penſant de ſoy pou

85 1306 723 57 uoyr queique choſe bonne & valla¬

85 1359 714 60 ble, ſe iuſtifiant & mettãt en oubly, luy

87 1411 719 70 qui eſt remply de peché. Ce bon Dieu

731 1467 72 72 par
