1015 1732
241 160 43 75 72

446 167 287 61 La Confeſsion

245 226 723 66 par ſa grace & bontẽ luy a baillẽ Loy

249 280 727 60 & commandement tel & ſi rigoureux,

249 331 729 60 que iamais nul de nous ne de noz peres

249 385 731 60 ne l’a peu porter, n'accõplir, de laquel¬

246 437 737 59 Ie les oeuures ſans la Foy ne peuuent

248 489 732 58 nullement iuſtifier: mais plus toſt me¬

248 539 735 70 ner à perdition celluy qui s’y fie. Com

252 596 728 57 me il eſt eſcrit: Celuy qui eſt ſouz la loy,

254 652 730 55 eſt ſouz malediction. Et touteſfoys le

255 698 729 59 Seigneur a prononcé celluy eſtre mau

255 751 731 57 dit qui ne demeurera en toutes les cho¬

254 802 727 58 ſes qui ſont eſcrites au liure de la Loy,

256 854 724 63 Puis donc qu’il eſt ainſi que ne ſauri¬

255 909 731 62 ons parfaire ceſte Loy, & que touteſ¬

259 962 727 56 foys il nous eſt commande de l’accom

259 1011 725 65 plir ſur peine d’eſtre en malediction de

258 1066 729 67 uant le Seigneur, cela nous doyt gran¬

256 1117 730 65 dement humilier. Que ſi nous la conſy¬

258 1171 719 60 derons en ceſte ſorte, elle nous ſera guy

259 1225 724 53 de pour nous conduyre à demander

258 1275 726 57 miſericorde à Dieu, & en cercher vn

262 1323 722 69 qui nous deliure de la Loy, & qui l'ac¬

259 1379 725 65 compliſſe pour nous, qui ſera le Filz

261 1434 725 72 vnique de Dieu leſus Chriſt noſtre Sei

851 1499 125 58 gneur
