1021 1773
790 196 35 74 73

279 180 387 72 Du fidelle Chreſtien

104 255 726 68 gneur. C'eſt ceſte ſemence promiſe des

103 313 727 56 Ie commencement, auquel ie croy, &

103 363 724 59 en qui ie metz toute ma fiance? & mon

103 415 724 68 eſperance, aſſauoyr q̃ par luy i’obtien¬

104 466 714 64 dray remiſſion de mes pechez. Par luy

104 518 723 67 ſeul i’ay acces au Pere celeſte, lequel ie

107 570 718 66 croy eſtre conceu du ſainct Eſprit par

106 624 721 60 l'adũbration de la vertu du Souuerain

107 675 720 68 au ventre de la vierge Marie, de laq̃lle

107 731 720 65 il eſt nay, elle demeurãt vierge non cor

109 783 718 66 rumpuë, ſelon qu’il eſtoyt predit par

109 836 721 57 les Prophetes. Ie tien celluy là pour

109 886 725 66 mon Sauueur & Dieu, lequel eſt deſcen

112 938 724 60 du d’Abraham & de Dauid ſelon la

112 989 725 67 chair. Comme il auoyt eſte dit à Abra¬

113 1049 723 62 ham: En toy toutes gens ſeront beney¬

113 1097 723 64 tes: & en Iſaac toutes nations de la terre

113 1152 723 55 ſeront beneytes. Qui eſt contre les Ar¬

113 1205 724 62 riens, & autres heretiques, qui nyent

118 1257 719 60 que leſus Chriſt a prins ſon corps au

118 1307 718 58 ventre de la vierge. Or nous n’auõs be

118 1359 716 60 nediction qu'en leſus Chriſt, laquelle

115 1412 722 68 nous a eſté promiſe en la ſemence d’A¬

115 1465 721 76 braham, il faut donc que Ieſus Chriſt

741 1518 95 74 ſoyt
