1015 1732
238 147 43 69 74

453 155 303 62 La Confeſsion

229 209 732 75 ſoyt de ceſte ſemence. Qu’ainſi ſoyt, il

229 265 732 68 n’eſt point de la ſemence d’Abraham

229 318 731 71 ſelon l’eſprit: mais plꝰ toſt il eſt pere d’i¬

229 373 729 70 celluy: car il eſtoyt auant qu’Abraham

226 424 732 69 fut, & par luy toutes choſes ont eſté

228 480 729 65 crées. Ieſus donc a prins de noſtre natu¬

226 532 728 65 re, prenant la chair de la chair de ceſte

226 581 725 69 ſaincte & ſacrée Vierge. Parquoy ie

223 636 728 68 metz plus aſſeurément ma fiã ce en luy,

225 688 727 68 de ce qu’il a porté noz langueurs & im

225 738 727 70 perfectiõs, d’autant qu’il a eſté ſembla

220 793 732 65 ble à nous en toutes choſes, exccpté le

226 845 721 65 peché, & a enduré toutes les paſſions

222 899 725 63 que nous endurons, faim, ſoyf, chaut,

222 955 728 62 froid, battures, iniures, moqueries per¬

222 1003 729 65 uerſes, & finalement la mort corporel¬

220 1052 725 68 le: leſquelles choſes il a ſoufert ſouz

222 1107 722 67 Ponce Pylate, lequel le liura entre les

222 1161 725 64 mains des meſchans pour eſtre flagel¬

220 1212 725 66 Ié, decraché, pour eſtre ſalué Roy, co¬

220 1267 724 65 ronné par deriſion non point de co¬

219 1320 725 59 ronne d’or ou d’argent, ou autre cho¬

216 1368 728 71 ſe precieuſe, ains d’eſpines poignan¬

220 1423 722 83 tes, pour reſpandre le ſang de ſon

872 1488 72 60 pre
