1021 1773
771 177 44 63 75

261 171 387 59 Du fidelle Chreſtien

87 231 728 67 precieux chef. C'eſt celluy duquel

84 288 728 62 auoyt eſté dit: les pecheurs ont for¬

87 333 722 70 gé ſur mon dos, lequel a eſté reputé

81 390 721 65 auec les meſchans, portant ſa croix luy

82 443 727 60 meſme non point en ſa main, mais ſur

82 490 729 69 ſes eſpaules, laquelle a eſté le gibet ou il

81 549 730 55 fut pendu & crucifié entre deux bri¬

87 601 724 60 gans. Voyla le grand Sacrificateur

81 650 730 62 ſelon l'ordre de Melchiſedech. Voy¬

81 704 727 67 la le ſacrifice, par lequel tous autres

81 759 718 63 ont ceſsé, pourtant a il dit que tou

82 811 726 60 tes choſes eſtoyent conſummées. Voy

82 864 729 62 la la grande Charité du Pere celeſte

82 914 730 59 manifeſtée. Car combien que fuſ¬

81 966 733 59 ſions ſes ennemys mortelz, touteſ¬

81 1017 730 60 fois il a liuré à la mort ſon Filz vnique

82 1078 729 53 pour nous rallier à ſoy, & nous faire ſes

82 1127 729 63 amys. Il eſt donc la propiciation pour

82 1179 727 62 nous: et n’auons point eſte rache¬

84 1233 728 61 tez par choſe ville, ou par or ou ar¬

85 1283 723 61 gent: mais par le precieux ſang de l’a¬

84 1338 724 56 gneau ſans macule. C’eſt le ſang ou

81 1390 722 57 les ſainctz Innocens ont laué leurs

84 1443 719 78 eſtolles. C’eſt le vray purgatoyre

740 1504 63 50 ou
