1015 1732
226 167 51 52 76

425 161 269 55 La confeſſion

220 213 731 72 ou il nous faut eſtre purgez & nettoyez

223 271 729 66 pour nous preſenter deuant celluy qui

219 320 725 68 eſt tout pur, tout net, & tout ſainct. Voy

219 373 733 67 ci le ſerpent eſleuë, auquel il nous faut

219 427 729 62 regarder pour eſtre gueris de la morſu¬

219 476 726 69 re de Satan. C’eſt la corne de ſalut, que

222 529 725 67 Dieu noꝰ a dreſſée en la maiſon de Da

220 583 727 69 uid ſon ſeruiteur. C'eſt la pierre reprou

222 633 722 68 uée par les edifiãs, laquelle eſt miſe au

222 687 723 67 chef de l’anglet pour eſtre bouloart &

220 744 724 65 fortreſſe à l’encontre des aſſaux, que

222 793 720 62 Satan nous fait. Sur laquelle pierre cel

220 841 722 71 luy ꝗ ſe fonde, c’eſt à dire met toute ſa

220 900 722 65 foy & eſperance en oyant ſes parol¬

219 948 723 70 les, & les gardant, eſt ſemblable à cel¬

218 1000 723 72 luy qui a edifié ſa mayſon, & elle n'eſt

220 1056 717 68 point tombée: car elle eſtoyt baſtie ſur

219 1107 715 67 ceſte ferme pierre, qui eſt leſus Chriſt,

216 1161 722 67 Iequel eſt mort pour nous, & enſeuely,

218 1213 717 70 & touteſfoys il n’a point eſte detenu es

216 1265 716 71 liens de mort, afin que la prophetie

215 1319 717 66 fut vraye, diſant: Tu ne permettras

219 1378 715 63 point que ton ſainct voye corruption.

226 1424 711 77 Voy ci le ſigne qui ſera baillé aux tenta

841 1490 104 67 teurs
