<?xml version="1.0" encoding="UTF-8"?>
<alto xmlns:xsi="http://www.w3.org/2001/XMLSchema-instance"
      xmlns="http://www.loc.gov/standards/alto/ns-v4#"
      xsi:schemaLocation="http://www.loc.gov/standards/alto/ns-v4# http://www.loc.gov/standards/alto/v4/alto-4-2.xsd">
  <Description>
    <MeasurementUnit>pixel</MeasurementUnit>
    <sourceImageInformation>
      <fileName>80_422b3_default.jpg</fileName>
      <fileIdentifier>https://www.e-rara.ch/i3f/v20/29432319/full/full/0/default.jpg</fileIdentifier>
    </sourceImageInformation>
  </Description>
  
  <Tags>
    <OtherTag ID="BT1420" LABEL="DamageZone" DESCRIPTION="block type DamageZone"/><OtherTag ID="BT1421" LABEL="DropCapitalZone" DESCRIPTION="block type DropCapitalZone"/><OtherTag ID="BT1422" LABEL="GraphicZone" DESCRIPTION="block type GraphicZone"/><OtherTag ID="BT1423" LABEL="MainZone" DESCRIPTION="block type MainZone"/><OtherTag ID="BT1424" LABEL="MarginTextZone" DESCRIPTION="block type MarginTextZone"/><OtherTag ID="BT1425" LABEL="MarginTextZone:handwrittenAddition" DESCRIPTION="block type MarginTextZone:handwrittenAddition"/><OtherTag ID="BT1426" LABEL="QuireMarksZone" DESCRIPTION="block type QuireMarksZone"/><OtherTag ID="BT1427" LABEL="StampZone" DESCRIPTION="block type StampZone"/><OtherTag ID="BT1428" LABEL="TitlePageZone" DESCRIPTION="block type TitlePageZone"/><OtherTag ID="BT1429" LABEL="NumberingZone" DESCRIPTION="block type NumberingZone"/><OtherTag ID="BT1460" LABEL="RunningTitleZone" DESCRIPTION="block type RunningTitleZone"/>
    <OtherTag ID="LT518" LABEL="DefaultLine" DESCRIPTION="line type DefaultLine"/><OtherTag ID="LT519" LABEL="DropCapitalLine" DESCRIPTION="line type DropCapitalLine"/><OtherTag ID="LT520" LABEL="HeadingLine" DESCRIPTION="line type HeadingLine"/>
  </Tags>
  
  <Layout>
    <Page WIDTH="1021"
          HEIGHT="1773"
          PHYSICAL_IMG_NR="76"
          ID="eSc_dummypage_">
      <PrintSpace HPOS="0"
                  VPOS="0"
                  WIDTH="1021"
                  HEIGHT="1773">
        
        <TextBlock HPOS="743"
                   VPOS="184"
                   WIDTH="73"
                   HEIGHT="53"
                   ID="eSc_textblock_5ff8ddc7"
                   TAGREFS="BT1429">
          <Shape><Polygon POINTS="743 184 743 237 816 237 816 184"/></Shape>
          
          
          <TextLine ID="eSc_line_96ba50c7"
                    TAGREFS="LT518"
                    BASELINE="759 217 797 221" 
                    HPOS="757"
                    VPOS="178"
                    WIDTH="40"
                    HEIGHT="51">
            <Shape><Polygon POINTS="791 180 786 178 760 178 759 217 757 226 794 229 797 221 797 180 791 180"/></Shape>
	    <String CONTENT="77"
                    HPOS="757"
                    VPOS="178"
                    WIDTH="40"
                    HEIGHT="51"></String>
          </TextLine>

          
        </TextBlock>
        
        <TextBlock HPOS="280"
                   VPOS="162"
                   WIDTH="406"
                   HEIGHT="73"
                   ID="eSc_textblock_b0fa2434"
                   TAGREFS="BT1460">
          <Shape><Polygon POINTS="280 162 283 235 686 235 686 162"/></Shape>
          
          
          <TextLine ID="eSc_line_ffa27e6f"
                    TAGREFS="LT520"
                    BASELINE="296 215 682 217" 
                    HPOS="294"
                    VPOS="162"
                    WIDTH="387"
                    HEIGHT="61">
            <Shape><Polygon POINTS="604 162 601 162 568 169 558 172 555 169 545 162 545 162 530 162 506 168 502 169 496 168 478 162 471 162 465 162 452 166 438 172 429 166 427 164 425 164 424 164 422 164 407 166 372 172 353 165 347 162 345 162 344 162 295 162 295 214 294 220 678 223 681 215 679 174 633 174 630 172 614 162 604 162"/></Shape>
	    <String CONTENT="Du fidelle Chreſtien"
                    HPOS="294"
                    VPOS="162"
                    WIDTH="387"
                    HEIGHT="61"></String>
          </TextLine>

          
        </TextBlock>
        
        <TextBlock HPOS="53"
                   VPOS="227"
                   WIDTH="768"
                   HEIGHT="1284"
                   ID="eSc_textblock_02e72ab7"
                   TAGREFS="BT1423">
          <Shape><Polygon POINTS="65 1511 53 227 809 240 821 1511"/></Shape>
          
          
          <TextLine ID="eSc_line_6c041d96"
                    TAGREFS="LT518"
                    BASELINE="70 283 796 279" 
                    HPOS="69"
                    VPOS="229"
                    WIDTH="727"
                    HEIGHT="66">
            <Shape><Polygon POINTS="187 234 172 234 171 234 161 245 135 245 115 237 113 239 98 239 84 240 69 255 70 283 70 289 508 295 509 295 796 285 796 279 791 233 678 240 672 234 667 231 667 230 666 230 664 230 663 230 632 236 610 239 589 236 537 229 536 229 534 229 533 229 520 237 511 243 455 243 449 239 428 229 427 229 348 229 347 229 345 229 302 242 296 243 294 242 270 230 268 230 267 230 227 237 199 233 187 234"/></Shape>
	    <String CONTENT="teurs de Dieu, leſq̃lz ne l&#39;eſtimẽt point"
                    HPOS="69"
                    VPOS="229"
                    WIDTH="727"
                    HEIGHT="66"></String>
          </TextLine>

          
          
          <TextLine ID="eSc_line_c058f90a"
                    TAGREFS="LT518"
                    BASELINE="73 335 794 330" 
                    HPOS="72"
                    VPOS="286"
                    WIDTH="722"
                    HEIGHT="56">
            <Shape><Polygon POINTS="73 335 73 342 793 339 794 330 791 296 738 296 738 295 726 286 725 286 724 286 722 286 682 295 681 296 567 296 567 295 558 288 558 286 557 286 555 286 554 286 552 286 530 294 511 288 509 288 508 288 506 288 505 288 505 289 499 295 497 296 493 295 478 288 477 288 475 288 441 295 429 296 425 294 412 288 410 288 409 288 366 294 348 296 345 294 336 288 335 288 333 288 332 288 330 288 329 288 320 294 319 295 316 294 302 289 301 289 299 289 298 289 296 289 289 294 280 299 245 299 237 294 233 289 231 289 230 289 153 289 152 289 150 289 143 294 132 298 72 294 73 335"/></Shape>
	    <String CONTENT="veritable, qui nõ ſeulemẽt ne veullent"
                    HPOS="72"
                    VPOS="286"
                    WIDTH="722"
                    HEIGHT="56"></String>
          </TextLine>

          
          
          <TextLine ID="eSc_line_82f16351"
                    TAGREFS="LT518"
                    BASELINE="73 390 794 384" 
                    HPOS="72"
                    VPOS="338"
                    WIDTH="722"
                    HEIGHT="66">
            <Shape><Polygon POINTS="73 390 75 404 103 395 197 403 209 403 211 403 223 401 295 394 382 400 427 401 428 401 453 398 489 393 503 397 512 400 514 400 515 400 793 391 794 384 793 348 772 338 771 338 769 338 710 348 667 338 666 338 664 338 663 338 661 338 644 350 625 350 602 350 598 350 523 339 521 339 520 339 500 350 391 341 390 341 388 341 363 351 319 342 317 342 231 353 193 344 192 344 190 344 189 344 159 353 125 342 124 342 122 342 121 342 119 342 119 344 107 354 72 354 73 390"/></Shape>
	    <String CONTENT="point croyre en ſa parolle: mais auſsi"
                    HPOS="72"
                    VPOS="338"
                    WIDTH="722"
                    HEIGHT="66"></String>
          </TextLine>

          
          
          <TextLine ID="eSc_line_7314a22e"
                    TAGREFS="LT518"
                    BASELINE="72 440 797 443" 
                    HPOS="70"
                    VPOS="394"
                    WIDTH="727"
                    HEIGHT="61">
            <Shape><Polygon POINTS="72 440 70 444 112 453 113 453 419 447 431 455 432 455 434 455 435 455 796 446 797 443 797 404 768 395 766 395 704 395 703 395 701 395 681 404 670 395 669 395 667 395 666 395 607 403 595 404 521 404 520 403 512 395 511 395 509 395 508 395 477 401 463 404 431 401 382 397 381 397 335 400 302 403 296 400 288 394 286 394 285 394 240 394 239 394 237 394 236 394 236 395 231 400 227 403 72 398 72 440"/></Shape>
	    <String CONTENT="n’en veullent ouyr parler, comme ſi c&#39;e"
                    HPOS="70"
                    VPOS="394"
                    WIDTH="727"
                    HEIGHT="61"></String>
          </TextLine>

          
          
          <TextLine ID="eSc_line_375e9e26"
                    TAGREFS="LT518"
                    BASELINE="72 492 797 494" 
                    HPOS="70"
                    VPOS="444"
                    WIDTH="727"
                    HEIGHT="62">
            <Shape><Polygon POINTS="72 492 70 496 116 505 118 505 432 499 471 506 472 506 796 499 797 494 796 453 752 446 750 446 749 446 747 446 747 447 741 453 738 456 666 456 658 453 641 446 639 446 638 446 636 446 635 446 625 453 620 455 602 453 562 447 561 447 559 447 542 453 534 455 528 453 511 446 509 446 508 446 506 446 505 446 493 453 490 455 487 453 474 446 472 446 403 446 401 446 400 446 381 453 378 453 376 453 350 444 348 444 347 444 345 444 344 444 335 453 317 444 316 444 314 444 313 444 280 453 279 453 276 453 248 444 246 444 245 444 243 444 242 444 233 453 231 453 227 453 165 446 164 446 162 446 147 453 146 453 141 453 90 444 88 444 87 444 72 452 72 492"/></Shape>
	    <String CONTENT="ſtoit hereſie, ou choſe menant à perdi¬"
                    HPOS="70"
                    VPOS="444"
                    WIDTH="727"
                    HEIGHT="62"></String>
          </TextLine>

          
          
          <TextLine ID="eSc_line_335358e8"
                    TAGREFS="LT518"
                    BASELINE="73 549 799 546" 
                    HPOS="72"
                    VPOS="497"
                    WIDTH="727"
                    HEIGHT="60">
            <Shape><Polygon POINTS="73 549 73 554 796 557 799 546 796 509 684 509 645 497 644 497 642 497 641 497 605 506 582 497 580 497 579 497 577 497 557 509 487 509 434 497 432 497 373 499 372 499 370 499 357 509 323 499 322 499 320 499 263 509 168 499 166 499 165 499 127 509 101 499 100 499 98 499 97 499 72 509 73 549"/></Shape>
	    <String CONTENT="tion. Et veullent eſprouuer le Dieu vi¬"
                    HPOS="72"
                    VPOS="497"
                    WIDTH="727"
                    HEIGHT="60"></String>
          </TextLine>

          
          
          <TextLine ID="eSc_line_78abdf10"
                    TAGREFS="LT518"
                    BASELINE="72 601 527 596 797 602" 
                    HPOS="70"
                    VPOS="551"
                    WIDTH="727"
                    HEIGHT="63">
            <Shape><Polygon POINTS="72 601 72 614 134 604 254 613 255 613 299 604 794 613 797 602 796 564 755 564 740 551 738 551 737 551 735 551 602 562 586 551 585 551 583 551 582 551 580 551 559 561 552 554 552 552 551 552 549 552 548 552 546 552 524 561 459 551 458 551 382 561 370 552 370 551 369 551 367 551 336 551 335 551 333 551 302 562 226 552 224 552 223 552 221 552 208 564 116 564 103 555 101 555 100 555 98 555 97 555 70 564 72 601"/></Shape>
	    <String CONTENT="uant en toutes ſortes &amp; manieres, &amp; luy"
                    HPOS="70"
                    VPOS="551"
                    WIDTH="727"
                    HEIGHT="63"></String>
          </TextLine>

          
          
          <TextLine ID="eSc_line_b71e8f84"
                    TAGREFS="LT518"
                    BASELINE="73 654 515 650 799 656" 
                    HPOS="72"
                    VPOS="602"
                    WIDTH="727"
                    HEIGHT="61">
            <Shape><Polygon POINTS="73 654 73 658 796 663 799 656 797 616 644 616 627 607 626 607 625 607 623 607 610 614 599 604 599 602 598 602 596 602 595 602 539 610 515 604 514 604 512 604 511 604 509 604 496 613 437 602 435 602 434 602 413 613 387 602 385 602 384 602 382 602 350 614 335 602 333 602 332 602 289 602 288 602 286 602 251 613 215 602 214 602 212 602 211 602 209 602 209 604 199 614 147 614 100 602 98 602 97 602 96 602 72 614 73 654"/></Shape>
	    <String CONTENT="demandent ſignes &amp; miracles, comme"
                    HPOS="72"
                    VPOS="602"
                    WIDTH="727"
                    HEIGHT="61"></String>
          </TextLine>

          
          
          <TextLine ID="eSc_line_ae6aad9a"
                    TAGREFS="LT518"
                    BASELINE="72 706 574 703 800 709" 
                    HPOS="70"
                    VPOS="654"
                    WIDTH="730"
                    HEIGHT="61">
            <Shape><Polygon POINTS="217 654 203 654 189 654 174 654 159 654 155 654 153 654 152 654 125 664 79 654 78 654 76 654 75 654 75 656 73 656 70 657 72 706 72 710 797 715 800 709 797 660 726 664 715 660 703 656 701 656 700 656 675 660 656 664 651 660 645 656 645 654 644 654 642 654 591 654 589 654 588 654 586 654 586 656 579 661 574 664 533 661 466 657 465 657 463 657 452 663 447 664 441 663 415 654 413 654 412 654 410 654 382 663 378 664 376 663 363 654 362 654 360 654 359 654 357 654 356 654 341 663 338 666 288 666 286 664 277 656 277 654 276 654 274 654 249 654 248 654 246 654 245 654 245 656 236 664 218 654 217 654"/></Shape>
	    <String CONTENT="feit Satan à noſtre Seigneur leſus Chriſt"
                    HPOS="70"
                    VPOS="654"
                    WIDTH="730"
                    HEIGHT="61"></String>
          </TextLine>

          
          
          <TextLine ID="eSc_line_c832ce0d"
                    TAGREFS="LT518"
                    BASELINE="73 759 342 755 794 759" 
                    HPOS="72"
                    VPOS="706"
                    WIDTH="722"
                    HEIGHT="66">
            <Shape><Polygon POINTS="738 707 737 707 735 707 690 718 678 707 676 707 675 707 673 707 545 718 511 707 509 707 508 707 459 718 443 707 441 707 440 707 438 707 437 707 400 716 390 707 388 707 387 707 385 707 339 715 291 706 289 706 288 706 264 718 174 718 149 706 147 706 146 706 144 706 110 716 88 706 87 706 85 706 84 706 82 706 73 712 73 759 72 765 82 771 84 771 85 771 87 771 159 763 174 762 175 763 183 769 183 771 184 771 186 771 187 771 189 771 209 763 211 763 212 763 223 771 224 771 226 771 227 771 313 765 354 763 360 766 369 772 370 772 372 772 373 772 422 768 461 763 503 768 534 772 536 772 537 772 543 769 555 763 573 769 582 772 583 772 585 772 599 769 635 763 791 772 794 759 793 719 756 719 756 718 740 707 738 707"/></Shape>
	    <String CONTENT="ſur le pinnacle du temple, quand il luy"
                    HPOS="72"
                    VPOS="706"
                    WIDTH="722"
                    HEIGHT="66"></String>
          </TextLine>

          
          
          <TextLine ID="eSc_line_79c750fc"
                    TAGREFS="LT518"
                    BASELINE="78 812 796 812" 
                    HPOS="78"
                    VPOS="762"
                    WIDTH="718"
                    HEIGHT="65">
            <Shape><Polygon POINTS="78 812 78 821 305 818 322 824 329 825 330 825 332 825 333 825 341 824 356 818 366 824 370 825 372 825 373 827 465 827 465 825 478 824 523 818 549 824 554 825 555 825 557 825 568 825 632 818 642 825 644 825 645 825 647 827 796 827 796 812 794 769 591 774 588 771 583 768 583 766 582 766 580 766 579 766 548 771 528 774 521 771 500 762 499 762 400 762 398 762 397 762 395 762 395 763 385 772 373 763 373 762 372 762 370 762 322 762 320 762 319 762 317 762 307 771 285 765 283 765 282 765 226 772 215 763 215 762 214 762 212 762 211 762 168 769 97 762 96 762 94 762 93 762 78 771 78 812"/></Shape>
	    <String CONTENT="diſt: Si tu es filz de Dieu, iette toy en"
                    HPOS="78"
                    VPOS="762"
                    WIDTH="718"
                    HEIGHT="65"></String>
          </TextLine>

          
          
          <TextLine ID="eSc_line_bbc93ecc"
                    TAGREFS="LT518"
                    BASELINE="76 861 796 865" 
                    HPOS="75"
                    VPOS="814"
                    WIDTH="721"
                    HEIGHT="60">
            <Shape><Polygon POINTS="490 814 475 814 461 814 446 814 444 814 443 814 441 814 434 818 427 824 388 820 345 814 344 814 342 814 341 814 333 820 326 824 320 820 310 814 298 814 283 814 268 814 254 814 245 814 236 820 230 822 227 820 223 817 223 815 221 815 220 815 218 815 217 815 205 821 197 825 101 825 97 821 90 815 90 814 88 814 87 814 85 814 84 814 82 814 76 817 76 861 75 874 794 874 796 865 794 817 743 815 741 815 740 815 738 815 738 817 725 827 691 820 690 820 688 820 660 827 517 827 500 818 492 814 490 814"/></Shape>
	    <String CONTENT="bas: car il eſt eſcrit: Dieu a commandé"
                    HPOS="75"
                    VPOS="814"
                    WIDTH="721"
                    HEIGHT="60"></String>
          </TextLine>

          
          
          <TextLine ID="eSc_line_8161b185"
                    TAGREFS="LT518"
                    BASELINE="78 917 428 913 802 919" 
                    HPOS="76"
                    VPOS="868"
                    WIDTH="726"
                    HEIGHT="61">
            <Shape><Polygon POINTS="78 917 76 929 168 929 168 927 169 927 171 927 180 920 217 927 226 929 227 929 245 927 302 921 341 927 357 929 359 929 360 929 364 927 376 921 391 927 397 929 398 929 400 929 419 927 458 921 483 926 496 929 497 929 499 929 506 926 521 921 530 926 533 929 534 929 536 929 537 929 561 926 599 921 799 924 802 919 802 879 786 870 784 870 783 870 781 870 780 870 747 879 602 879 595 871 595 870 593 870 592 870 591 870 506 879 493 880 427 880 422 877 410 870 409 870 407 870 406 870 364 877 353 879 344 877 316 870 314 870 246 870 245 870 243 870 230 876 224 879 212 876 180 868 178 868 177 868 162 876 159 877 78 876 78 917"/></Shape>
	    <String CONTENT="pour toy à ſes anges, qu’ilz te recueil¬"
                    HPOS="76"
                    VPOS="868"
                    WIDTH="726"
                    HEIGHT="61"></String>
          </TextLine>

          
          
          <TextLine ID="eSc_line_bda3d202"
                    TAGREFS="LT518"
                    BASELINE="78 969 554 966 805 972" 
                    HPOS="76"
                    VPOS="919"
                    WIDTH="729"
                    HEIGHT="59">
            <Shape><Polygon POINTS="721 919 719 919 697 927 694 929 568 929 565 924 559 920 559 919 558 919 557 919 441 919 440 919 438 919 437 919 437 920 432 923 428 929 239 929 211 920 205 919 203 919 202 919 193 920 144 927 78 919 78 969 76 972 802 978 805 972 800 927 722 919 721 919"/></Shape>
	    <String CONTENT="lent, afin que tu ne bleſſes ton pied à la"
                    HPOS="76"
                    VPOS="919"
                    WIDTH="729"
                    HEIGHT="59"></String>
          </TextLine>

          
          
          <TextLine ID="eSc_line_e26bc9b0"
                    TAGREFS="LT518"
                    BASELINE="81 1022 450 1017 805 1025" 
                    HPOS="79"
                    VPOS="969"
                    WIDTH="726"
                    HEIGHT="65">
            <Shape><Polygon POINTS="794 978 778 972 775 972 766 972 743 982 625 982 604 970 602 970 601 970 599 970 561 981 539 970 537 970 536 970 534 970 506 981 472 970 471 970 469 970 425 981 424 981 376 969 375 969 302 969 301 969 299 969 298 969 296 969 280 979 223 969 221 969 220 969 218 969 218 970 206 981 158 981 104 969 103 969 101 969 81 978 81 1022 79 1031 221 1025 240 1032 242 1032 243 1032 245 1032 246 1032 246 1031 252 1026 263 1032 264 1032 265 1032 267 1032 268 1032 292 1025 447 1025 456 1032 458 1034 459 1034 461 1034 462 1034 463 1034 468 1032 483 1026 508 1032 518 1034 520 1034 521 1034 528 1032 552 1026 576 1032 583 1034 585 1034 586 1034 599 1032 630 1026 651 1032 658 1034 660 1034 661 1034 803 1031 805 1025 805 989 794 978"/></Shape>
	    <String CONTENT="pierre. Pareillement les Iuifz oyans la"
                    HPOS="79"
                    VPOS="969"
                    WIDTH="726"
                    HEIGHT="65"></String>
          </TextLine>

          
          
          <TextLine ID="eSc_line_9d121a19"
                    TAGREFS="LT518"
                    BASELINE="82 1074 806 1071" 
                    HPOS="81"
                    VPOS="1022"
                    WIDTH="725"
                    HEIGHT="66">
            <Shape><Polygon POINTS="82 1074 82 1088 124 1080 171 1087 172 1087 174 1087 192 1080 803 1081 806 1071 803 1037 564 1037 562 1035 531 1022 530 1022 528 1022 458 1029 446 1022 444 1022 443 1022 441 1022 440 1022 410 1034 403 1037 395 1034 364 1023 363 1023 338 1023 336 1023 335 1023 333 1023 322 1034 317 1038 280 1038 274 1034 258 1023 257 1023 255 1023 254 1023 252 1023 214 1034 206 1035 203 1034 190 1023 189 1023 187 1023 186 1023 81 1032 82 1074"/></Shape>
	    <String CONTENT="predication de noſtre Seigneur en mo¬"
                    HPOS="81"
                    VPOS="1022"
                    WIDTH="725"
                    HEIGHT="66"></String>
          </TextLine>

          
          
          <TextLine ID="eSc_line_91fa4fff"
                    TAGREFS="LT518"
                    BASELINE="79 1125 809 1128" 
                    HPOS="78"
                    VPOS="1075"
                    WIDTH="731"
                    HEIGHT="67">
            <Shape><Polygon POINTS="79 1125 78 1134 85 1140 87 1140 88 1140 90 1140 434 1133 480 1142 481 1142 483 1142 511 1134 598 1142 599 1142 679 1134 701 1142 703 1142 704 1142 808 1133 809 1128 808 1081 744 1088 715 1081 697 1077 695 1077 694 1077 692 1077 676 1081 654 1088 644 1081 636 1077 635 1077 633 1077 582 1077 580 1077 579 1077 577 1077 577 1078 573 1083 567 1088 534 1088 524 1083 512 1077 511 1077 509 1077 508 1077 489 1083 472 1088 462 1083 447 1075 446 1075 444 1075 443 1075 441 1075 428 1084 425 1085 419 1084 404 1078 403 1078 401 1078 370 1084 354 1087 341 1084 307 1075 305 1075 304 1075 302 1075 280 1084 273 1087 265 1084 236 1075 234 1075 152 1075 150 1075 149 1075 147 1075 132 1085 130 1087 79 1087 79 1125"/></Shape>
	    <String CONTENT="querie, luy demandoyent ſigne du ciel"
                    HPOS="78"
                    VPOS="1075"
                    WIDTH="731"
                    HEIGHT="67"></String>
          </TextLine>

          
          
          <TextLine ID="eSc_line_204ba534"
                    TAGREFS="LT518"
                    BASELINE="82 1177 808 1182" 
                    HPOS="81"
                    VPOS="1130"
                    WIDTH="727"
                    HEIGHT="65">
            <Shape><Polygon POINTS="82 1177 81 1189 180 1183 197 1190 199 1190 200 1190 202 1190 252 1183 261 1190 261 1192 263 1192 264 1192 265 1192 267 1192 270 1190 291 1183 345 1190 348 1190 350 1190 353 1190 394 1184 401 1190 404 1193 406 1193 407 1193 409 1193 438 1190 490 1184 511 1190 521 1193 523 1193 524 1193 545 1190 571 1186 577 1190 582 1193 583 1193 585 1193 586 1193 608 1190 635 1186 647 1190 657 1193 658 1193 660 1193 676 1190 694 1186 707 1190 722 1195 724 1195 725 1195 806 1189 808 1182 806 1145 712 1133 710 1133 709 1133 681 1143 672 1134 672 1133 670 1133 669 1133 642 1133 641 1133 639 1133 638 1133 623 1143 622 1143 596 1133 595 1133 593 1133 592 1133 567 1143 565 1143 562 1143 534 1131 533 1131 531 1131 435 1142 429 1142 428 1142 406 1131 404 1131 403 1131 366 1137 323 1130 322 1130 320 1130 285 1140 260 1133 258 1133 257 1133 255 1133 254 1133 243 1140 242 1140 82 1140 82 1177"/></Shape>
	    <String CONTENT="pour croyre en luy: auſquelz il reſpon"
                    HPOS="81"
                    VPOS="1130"
                    WIDTH="727"
                    HEIGHT="65"></String>
          </TextLine>

          
          
          <TextLine ID="eSc_line_96692a22"
                    TAGREFS="LT518"
                    BASELINE="81 1232 806 1232" 
                    HPOS="81"
                    VPOS="1182"
                    WIDTH="725"
                    HEIGHT="59">
            <Shape><Polygon POINTS="805 1232 793 1192 763 1182 762 1182 760 1182 759 1182 734 1192 718 1182 716 1182 715 1182 701 1182 687 1182 672 1182 667 1182 666 1182 664 1182 626 1195 530 1195 499 1183 497 1183 496 1183 494 1183 493 1183 493 1184 484 1193 412 1193 375 1182 373 1182 310 1182 308 1182 307 1182 305 1182 291 1193 261 1182 260 1182 258 1182 257 1182 236 1189 181 1182 180 1182 178 1182 144 1193 107 1182 106 1182 104 1182 103 1182 81 1192 81 1232 81 1236 805 1241 806 1232 805 1224 805 1232"/></Shape>
	    <String CONTENT="dit, diſant: la generation mauuaiſe de¬"
                    HPOS="81"
                    VPOS="1182"
                    WIDTH="725"
                    HEIGHT="59"></String>
          </TextLine>

          
          
          <TextLine ID="eSc_line_3b2b0f08"
                    TAGREFS="LT518"
                    BASELINE="79 1282 805 1286" 
                    HPOS="78"
                    VPOS="1233"
                    WIDTH="727"
                    HEIGHT="65">
            <Shape><Polygon POINTS="273 1233 271 1233 270 1233 268 1233 260 1241 249 1233 248 1233 246 1233 245 1233 243 1233 209 1242 208 1242 205 1242 171 1233 169 1233 168 1233 166 1233 165 1233 152 1242 149 1242 79 1242 79 1282 78 1286 121 1295 122 1295 231 1289 242 1289 252 1289 335 1297 336 1298 803 1298 805 1286 803 1242 791 1236 790 1236 789 1236 787 1236 786 1236 768 1245 766 1245 759 1245 675 1236 673 1236 672 1236 648 1245 645 1245 636 1244 574 1236 573 1236 571 1236 551 1244 542 1236 542 1235 540 1235 539 1235 537 1235 536 1235 506 1244 503 1245 415 1245 413 1244 403 1235 401 1235 400 1235 398 1235 296 1242 294 1242 274 1233 273 1233"/></Shape>
	    <String CONTENT="mande ſigne, &amp; ſigne ne luy ſera donné"
                    HPOS="78"
                    VPOS="1233"
                    WIDTH="727"
                    HEIGHT="65"></String>
          </TextLine>

          
          
          <TextLine ID="eSc_line_8a89a41f"
                    TAGREFS="LT518"
                    BASELINE="79 1334 805 1340" 
                    HPOS="78"
                    VPOS="1283"
                    WIDTH="727"
                    HEIGHT="68">
            <Shape><Polygon POINTS="79 1334 78 1343 542 1343 545 1343 570 1350 571 1350 573 1350 574 1350 601 1343 605 1343 613 1343 684 1351 685 1351 687 1351 704 1344 803 1344 805 1340 803 1289 737 1289 735 1289 734 1289 732 1289 715 1300 585 1300 573 1289 573 1288 571 1288 570 1288 568 1288 567 1288 531 1298 483 1291 481 1291 443 1298 404 1286 403 1286 314 1286 313 1286 311 1286 310 1286 310 1288 301 1297 270 1297 254 1285 252 1285 251 1285 249 1285 248 1285 226 1295 199 1285 197 1285 196 1285 195 1285 193 1285 193 1286 183 1297 159 1297 79 1283 79 1334"/></Shape>
	    <String CONTENT="ſinon le ſigne de Ionas. Car tout ainſi"
                    HPOS="78"
                    VPOS="1283"
                    WIDTH="727"
                    HEIGHT="68"></String>
          </TextLine>

          
          
          <TextLine ID="eSc_line_c9860340"
                    TAGREFS="LT518"
                    BASELINE="82 1390 800 1390" 
                    HPOS="82"
                    VPOS="1340"
                    WIDTH="718"
                    HEIGHT="62">
            <Shape><Polygon POINTS="82 1390 82 1402 800 1394 800 1390 800 1353 663 1343 661 1343 617 1351 580 1340 579 1340 577 1340 576 1340 548 1353 483 1353 471 1341 471 1340 469 1340 468 1340 416 1340 415 1340 413 1340 391 1351 381 1341 381 1340 379 1340 378 1340 289 1340 288 1340 286 1340 246 1351 234 1341 234 1340 233 1340 231 1340 171 1340 169 1340 168 1340 166 1340 150 1353 82 1353 82 1390"/></Shape>
	    <String CONTENT="que lonas fut troys iours &amp; trois nuits"
                    HPOS="82"
                    VPOS="1340"
                    WIDTH="718"
                    HEIGHT="62"></String>
          </TextLine>

          
          
          <TextLine ID="eSc_line_aa951e36"
                    TAGREFS="LT518"
                    BASELINE="82 1440 802 1443" 
                    HPOS="81"
                    VPOS="1391"
                    WIDTH="721"
                    HEIGHT="59">
            <Shape><Polygon POINTS="784 1391 783 1391 781 1391 599 1400 598 1400 589 1393 589 1391 588 1391 586 1391 585 1391 499 1399 446 1391 437 1391 427 1391 400 1399 376 1391 363 1391 344 1399 344 1400 291 1400 291 1399 282 1391 274 1391 260 1391 245 1391 230 1391 229 1391 220 1399 218 1399 186 1399 165 1399 158 1391 156 1391 141 1391 140 1391 82 1397 82 1440 81 1446 799 1450 802 1443 802 1400 786 1391 784 1391"/></Shape>
	    <String CONTENT="dedans le ventre de la baleine: auſſi ſe¬"
                    HPOS="81"
                    VPOS="1391"
                    WIDTH="721"
                    HEIGHT="59"></String>
          </TextLine>

          
          
          <TextLine ID="eSc_line_59d5d0d3"
                    TAGREFS="LT518"
                    BASELINE="79 1492 803 1496" 
                    HPOS="78"
                    VPOS="1444"
                    WIDTH="725"
                    HEIGHT="76">
            <Shape><Polygon POINTS="79 1492 78 1510 181 1517 183 1517 184 1517 202 1510 203 1510 218 1517 220 1517 221 1517 252 1510 271 1505 276 1510 285 1517 286 1517 288 1517 345 1518 347 1518 348 1518 373 1510 382 1507 393 1510 427 1517 428 1517 429 1517 459 1508 469 1507 558 1507 562 1508 582 1520 583 1520 585 1520 586 1520 639 1511 691 1520 692 1520 694 1520 728 1508 802 1508 803 1496 803 1458 772 1447 771 1447 769 1447 768 1447 766 1447 750 1458 713 1447 712 1447 710 1447 709 1447 707 1447 694 1458 694 1459 562 1459 548 1458 450 1449 449 1449 412 1455 394 1446 393 1446 391 1446 390 1446 363 1456 362 1456 353 1447 353 1446 351 1446 350 1446 320 1444 270 1444 268 1444 267 1444 265 1444 251 1455 231 1444 230 1444 229 1444 79 1453 79 1492"/></Shape>
	    <String CONTENT="ra le Filz de l’homme au ventre de la"
                    HPOS="78"
                    VPOS="1444"
                    WIDTH="725"
                    HEIGHT="76"></String>
          </TextLine>

          
        </TextBlock>
        
        <TextBlock HPOS="703"
                   VPOS="1511"
                   WIDTH="120"
                   HEIGHT="55"
                   ID="eSc_textblock_1b5fca7d"
                   TAGREFS="BT1426">
          <Shape><Polygon POINTS="703 1511 703 1566 823 1566 821 1511"/></Shape>
          
          
          <TextLine ID="eSc_line_c5ca091f"
                    TAGREFS="LT518"
                    BASELINE="716 1548 815 1548" 
                    HPOS="716"
                    VPOS="1511"
                    WIDTH="99"
                    HEIGHT="56">
            <Shape><Polygon POINTS="805 1548 794 1514 716 1511 716 1548 718 1567 747 1560 814 1564 815 1548 815 1515 805 1514 805 1548"/></Shape>
	    <String CONTENT="terre"
                    HPOS="716"
                    VPOS="1511"
                    WIDTH="99"
                    HEIGHT="56"></String>
          </TextLine>

          
        </TextBlock>
        

        
      </PrintSpace>
    </Page>
  </Layout>
</alto>
