1015 1732
222 155 55 61 78

433 150 297 65 La Confeſsion

226 206 722 66 terre. Mais le tiers iour il eſt reſuſcité

226 262 722 65 des mortz, & le premier: afin que par

228 314 722 59 ceſte reſurrection nous fuſſions iuſtif¬

225 365 725 68 fiez & regenerez en eſperance plus

226 420 728 67 diuine & plus ferme de l'heritage, du¬

225 471 725 67 quel nous ſerons heritiers auec Chriſt.

225 522 726 68 Car il ne ſuffiſoyt point que ſeulement

223 578 728 65 il mourut, & que par ſa mort noz pe¬

223 627 728 65 chez fuſſent effacez: mais auſsi il fail¬

220 681 731 70 loyt qu’il reſuſcitaſt, afin que par ſa re

222 733 728 69 Iurrection le ſemblable nous fut fait, à

222 785 725 70 nous (dy ie) qui attendons & eſperons,

223 838 724 64 c'eſt aſſauoir que la vie, laquelle nous

223 890 727 64 auions perduë, nous fut renduë par la

223 943 727 71 tranſgreſſion du premier homme, &

225 995 725 70 non point ſeulement telle, mais ſans

225 1049 722 69 comparaiſon plus encellente, aſſauoir

228 1101 719 69 toute celeſte, glorieuſe, & ſans iamais

226 1151 724 67 eſtre ſubiette à tranſgreſſion: mais touſ¬

229 1205 719 66 iours beuuant en ceſte fontaine d'eauë

233 1257 712 70 viue, contemplant l'excellence, gloire,

231 1307 720 68 ſapience, & bonté de l’Eternel, inceſ¬

232 1361 718 75 ſamment louant & ſanctifiiant ſon

850 1418 100 70 nom
