1021 1773
749 166 42 64 79

246 159 399 56 Du fidelle Chreſtien.

66 220 724 66 nom la haut au Ciel, ou il eſt premiere¬

65 276 724 60 ment monté par neceſsité, afin que

63 328 724 65 nous receuſſions le vray Conſolateur,

63 376 728 61 ou il eſt aſsis à la dextre de Dieu le Pere

63 432 728 67 tout puiſſant, c’eſt à dire qu’il a toute

63 481 728 70 puiſſance du Pere pour regner au Ciel

60 534 729 65 & en la terre, & pour eſtre luge de tous.

62 588 727 66 Partant de là viendra il iuger au der¬

60 639 727 64 nier iour les vifz & les mors. Lequel

60 692 730 63 aduenement ſera comme l'eſclair d’o¬

60 741 729 71 rient, qui reſplendit iuſques en occi¬

59 805 727 59 dent. Auquel aduenement nous nous

59 853 725 61 deuons appreſter, & eſtre touſiours

56 899 731 68 ſur noſtre garde. Car le Seigneur vien¬

57 955 730 58 dra comme vn larron a l'heure qu’on

59 1006 730 66 n'y penſera point. Ilz beuront & man¬

60 1059 731 66 geront faiſans grand chere, & ſe marie,

56 1112 733 58 ront, & ſeront tout es bahis que le Sei¬

60 1164 724 69 gneur les prẽdra au deſpourueu, alors

57 1214 732 69 qu’il viendra es nuëes en ſa maieſté &

59 1266 730 71 en ſon regne, quand Dieu ſon Pere

57 1322 732 66 aura mys ſes ennemys deſſouz

57 1379 729 65 ſes piedz. Et iceux qui l'auront

623 1431 158 81 outragé
