1015 1732
236 151 65 55 80

412 144 289 59 La Confeſſion

244 200 730 61 outragé & perſecuté, le verront à leur

246 248 728 66 confuſion. Lors baillera aux bienheu¬

246 303 728 67 reux le loyer, qui leur eſt appareille des

245 356 732 68 le commencement. Mais ſur les malheu

248 409 728 68 reux & meſchans iettera ſon importa¬

248 458 728 68 ble ſentence, leur diſant: Alez mauditz

249 512 727 71 de mon Pere au feu eternel. Voyla le

249 565 724 71 bon leſus, auquel ie croy, & par lequel

249 617 727 71 ſeul i'eſpere ſalut. Car il n'ya poĩt d’au

249 674 725 59 tre nom dõné ſouz le ciel aux hommes,

249 721 728 67 auquel il nous faille eſtre ſauuez. Le¬

248 773 729 72 quel endurera & ſoufrira touſiours en

246 828 728 69 ſes membres, iuſques à ce dernier iour,

246 877 728 75 leſquelz Dieu par ſa grace & miſericor

248 929 729 75 de ſouſtiendra touſiours, & viuifiera

248 982 729 78 par ſon ſainct Eſprit, auquel ie croy &

245 1036 731 73 remetz ma fiance, aſſeuré que c'eſt cel¬

244 1088 729 70 Iuy là qui ouure en nous toutes choſes

246 1141 728 72 plaiſantes à Dieu, ſans lequel tout ce

244 1193 732 72 que nous faiſons eſt peché & abomina¬

242 1245 731 74 tion deuant Dieu, par leql Dieu regne

241 1301 736 68 en noz cœurs, ꝗ ouure en noꝰ la vie eter

242 1352 732 63 nelle, en nous (dy ie) qui croyons & co¬

245 1404 726 85 gnoyſſons Dieu, & en celluy qu’il a en

864 1460 104 80 uoyé
