1015 1732
245 191 53 39 82

454 178 298 63 La Confeſsion

248 241 729 62 tellement qu’elle ne peut errer ne de¬

251 290 726 63 uier des loix & ordõnances de ſon Sei¬

256 344 721 65 gneur ny à dextre ny à ſeneſtre. En la¬

249 398 727 62 quelle y aura des reſtes des afflictions

248 447 730 66 de Chriſt ſon Sauueur iuſques au der¬

248 503 730 62 nier iour. De laquelle nous ſommes auſ

248 557 728 63 ſi menez par ce ſainct Eſprit, croyans

249 607 729 62 parfaitement au Pere & au Filz, deſi¬

248 661 729 57 rans de tout noſtre cœur faire & accõ¬

252 711 724 65 plir lavolunté de ce bon Pere, ruminãs

248 764 730 64 & penſans iour & nuit en ſes comman¬

248 819 732 54 demens, auxquelz quiconque adiou¬

246 868 734 65 ſte ou diminué, eſt maudit de Dieu, le¬

246 920 732 64 quel nous a dit: Ne fais point ce qu’il

246 975 731 61 te ſemblera bon & droit: mais ſeulemẽt

246 1029 731 60 fais ce que ie te commande. Pourtant

246 1081 728 56 nous ne nous deſtournerons inconti¬

245 1131 731 65 nent tant ſoit peu de ceſte voye, & n’ad

246 1187 727 60 hererons point à noſtre opinion, nous

245 1234 729 60 complaiſans à nouſmeſmes, & meſpri¬

244 1286 729 60 ſans la Loy & cõmandemens de Dieu,

245 1339 728 63 & eſtabliſſans les noſtres. Mais penſe¬

245 1391 723 66 rons plus griefuement offenſer Dieu,

244 1447 723 78 en obeiſſant à ce que noꝰ meſmes auõs

876 1503 94 67 fait,
