1021 1773
750 212 44 65 83

236 212 400 58 Du fidelle Chreſtien.

63 268 733 70 fait, qu’en deſobeiſſant au Tout puiſ¬

63 322 730 62 ſant. Et auſsi toſt que cela aduient,

65 375 728 66 nous ne ſommes plus de ceſte Egli¬

65 426 729 63 ſe, mais de celle de Satan, & penſans ſer

66 480 730 65 uir à Dieu, nous amenons ſur nous ma

66 534 730 64 lediction. Cõme dit Eſaye, Pource que

66 586 730 67 ce peuple s’approche de moy ſeulemẽt

65 638 729 60 de bouche, & m'hõnore de ſes lebures,

65 694 731 63 mais que ſon cœur eſt loing de moy, &

66 747 730 65 qu’il me craint comme ſi c’eſtoyt par

66 800 724 61 commandement des hommes: voy cy

65 848 735 68 ie feray de rechef eſmerueiller ce peu¬

67 901 733 69 ple cy par terribles choſes & merueil¬

63 951 737 71 Ieuſes: car la ſapience de ces ſages peri¬

66 1004 736 70 ra, & l'intelligence de ces prudens ſe ca

69 1059 730 68 chera. Ie croy auſsi la remiſsion des pe

67 1109 733 70 chez auoir eſté & eſtre faite par la mort

69 1159 731 77 & paſsiõ de Iefus Chriſt noſtre ſeul ſau

69 1214 730 66 ueur, comme deſſus eſt dit. Ie croy la re¬

67 1267 732 65 ſurrection de la chair, c'eſt que tous res¬

69 1319 731 68 ſuſciteront, les bons en vie eternelle, &

72 1374 722 70 les mauuais en condamnation. Ie croy

75 1427 730 72 qu’apres ceſte vie preſente viendra la

79 1478 724 79 vie, qui ſera ſans fin. Ie croy que noſtre

472 1532 330 78 F 2 Seigneur
