1015 1732
228 181 63 71 84

451 184 318 67 La Confeſsion.

239 242 738 68 Seigneur Ieſus en la nuit qu’il fut liuré,

238 295 740 65 il ordonna ſa ſaincte Cene. Ie croy qu’il

238 350 740 68 nous a laiſsé le Bapteſme d’eauë, & ſi¬

244 407 733 63 gne exterieur du Bapteſme interieur, et

238 457 740 66 du ſainct Eſprit: et pource auſsi q̃ l’eauẽ

238 513 738 62 nettoye & oſte toute ordure de par

236 561 742 68 deſſus, auſsi le ſainct Eſprit nous net¬

236 617 738 67 toye le dedans par la Foy, que nous

238 669 424 64 auons en Ieſus Chriſt.

301 819 584 64 Huittain aux fideles Lecteurs

229 928 739 67 Celluy qui veut Chreſtien eſtre appellé,

229 978 736 69 Croire luy faut ce qu'eſt en ce Simbole:

229 1033 671 65 Et ſi entendra que Dieu a r’appelle

228 1082 739 72 L’hõme pecheur par ſa ſaincte parolle,

229 1137 736 71 Par leſus Chriſt, qui pour nous s’eſt fait

282 1195 159 54 homme

226 1238 670 71 Pour ſatiſfaire à l’œuure de la Loy:

225 1297 732 66 Car autrement impoſsible eſtoyt cõme

226 1345 719 81 Sauuez ſerjons ſi ce n’eſtoyt par Foy.

365 1451 413 76 Louänge a Dieu ſeul.
