1015 1732
228 754 68 48 C

220 265 195 45 Ne etire pas

218 300 241 50 De noſtre repas

220 336 293 55 Ta grande maieſté:

219 381 332 49 Mais conduis noz pas

218 422 275 47 Iuſques au treſpas

218 464 301 57 Par la tienne bonté.

239 581 648 68 ACTION DE GRACES

482 639 202 45 apres le repas

308 701 467 58 'Eſt bien raiſon que te rendions

311 754 555 52 Graces, Seigneur, nous plains de vices,

215 789 501 51 Et que vers toy noſtre œil iettions

215 829 437 52 Recognoiſſans tes benefices,

216 870 513 58 Certes trop vains ſont les ſeruices,

218 913 525 51 Que te peut faire l’hom me humain

215 958 541 56 Pour les biens qu’il prent de ta main.

261 1031 449 58 Mais, Seigneur, ta ſeule bonté

216 1078 430 50 Nous & tous viuans raſſaſie:

216 1118 510 55 Et n’eſt au monde vn ſeul compté,

218 1161 418 55 Qui de toy ne prenne ſa vie.

212 1202 407 50 Parquoy la penſée eſt rauye

215 1242 492 57 De chaſcun de nous, ô vray Dieu,

215 1286 447 50 Pour ton nom louer en ce lieu.

264 1369 444 45 O ſeigneur nous t’exalterons,

222 1408 403 54 Et louerons tous noſtre vie,

220 1450 434 46 De toy auſsi nous chanterons

220 1490 484 74 Maugré ce monde plein d’enuye.

892 1528 55 62 De
