1021 1773
787 177 28 75 5

81 236 728 59 en la lecture de l'eſcriture ſaincte: qui

79 288 738 66 n’eſt pleine que de douceur, conſola¬

75 341 727 68 ſolation, & vie du pouure pecheur. Là

75 395 730 65 incontinẽt qu’aurons fiché noz yeux,

76 453 732 59 nous viendra au deuant ce Chriſt tant

76 496 730 72 debonnaire: & duquel le fais et ioug eſt

73 549 735 65 tant doux, tant traictable, & aysé à ma¬

72 607 733 65 nier que rien plus. Et pour donner meil

70 656 733 62 leur auancement a ceſte tant ſaincte affe

70 709 732 71 ction, incontinent que nous ſommes aſ

67 762 732 71 ſemblez, dreſſons quelque bon pro¬

69 815 727 64 pos prins de ladite eſcriture: en la

65 864 732 71 cõſolatiõ de noz eſprits, & edification

67 920 729 69 de l’egliſe. Il n’ya celuy de nous qui ne

65 973 726 68 ſache que nous tous ſommes l’Egliſe

66 1022 720 71 de Dieu, & vn ſeul corps, duquel le

65 1077 713 66 chef eſt Chriſt: parquoy eſt bien de ne¬

65 1130 731 69 ceſsité, que l'operation de tous les mẽ¬

65 1180 725 72 bres ſe dirige & conduiſe à la gloire &

63 1238 726 66 honneur du Chef. Or ne pouuõs nous

63 1291 726 60 bien complaire à noſtre chef, qui eſt

63 1343 721 66 Chriſt, eſtant troys ou quatre enſemble

63 1397 726 67 ou plus ou moins, ſi nous tenons pro¬

66 1450 723 74 poz contraires à luy: ains certainemẽt

817 317 90 86 1.lean◊

809 394 96 56 Matth◊

806 960 99 69 Ephe.1◊

799 1020 111 48 4.d.5.e◊

796 1062 117 53 Col.1.c

800 1106 107 55 1.Cor.

432 1510 358 62 A 3 attirons
