1021 1773
771 206 44 73 87

91 265 470 52 De ton nom la terre eſt remplie:

91 304 344 53 Et n’eſt aucune nation,

84 356 402 51 Qui n’en ayt admiration.

137 421 383 59 Tu nourris, ô Pere bening,

93 469 458 55 Ceux qui en toy ont eſperance,

94 511 417 50 Et les conduis par le chemin

94 549 535 55 De Chriſt ton Filz noſtre aſſeurance,

93 591 477 47 O vray Dieu, d’une concordance

93 632 555 52 Et d’un cœur, nous qui ſommes tiens,

96 679 461 53 Graces te rendons de tes biens.

135 750 365 53 O Pere vueilles ſuſtenter

98 793 416 58 Noz eſpris par ton Euangile,

97 839 477 48 Car c’eſt trop plus que contenter

98 877 429 49 De ſubſtance, ce corps fragile.

98 926 377 43 Le corps yra en terre ville:

100 958 468 55 Et l’Eſprit prendra ſon chemin

98 1000 401 57 A toy par ton Verbe diuin.

144 1085 478 57 Fay donc que nous ſoyons repeus

103 1124 344 49 De ceſte parolle diuine,

104 1171 374 47 Par laquelle ſerons receuz

106 1204 477 53 Au Ciel, qu’aux eſleux tu deſtine:

106 1251 492 53 Fay que mort ſur nous ne domine:

109 1288 443 49 Ains qu’apres ce cours vicieux

109 1329 465 61 Auec toy nous viuions es Cieux.

363 1415 180 58 Ainſi ſoy il.
