<?xml version="1.0" encoding="UTF-8"?>
<alto xmlns:xsi="http://www.w3.org/2001/XMLSchema-instance"
      xmlns="http://www.loc.gov/standards/alto/ns-v4#"
      xsi:schemaLocation="http://www.loc.gov/standards/alto/ns-v4# http://www.loc.gov/standards/alto/v4/alto-4-2.xsd">
  <Description>
    <MeasurementUnit>pixel</MeasurementUnit>
    <sourceImageInformation>
      <fileName>100_e9b9b_default.jpg</fileName>
      <fileIdentifier>https://iiif.onb.ac.at/images/ABO/Z167383706/00000101/full/full/0/default.jpg</fileIdentifier>
    </sourceImageInformation>
  </Description>
  <Tags>
    <OtherTag ID="BT7" LABEL="CustomZone" DESCRIPTION="block type CustomZone"/><OtherTag ID="BT8" LABEL="DamageZone" DESCRIPTION="block type DamageZone"/><OtherTag ID="BT9" LABEL="DigitizationArtefactZone" DESCRIPTION="block type DigitizationArtefactZone"/><OtherTag ID="BT10" LABEL="DropCapitalZone" DESCRIPTION="block type DropCapitalZone"/><OtherTag ID="BT11" LABEL="GraphicZone" DESCRIPTION="block type GraphicZone"/><OtherTag ID="BT12" LABEL="MainZone" DESCRIPTION="block type MainZone"/><OtherTag ID="BT13" LABEL="MarginTextZone" DESCRIPTION="block type MarginTextZone"/><OtherTag ID="BT14" LABEL="MusicZone" DESCRIPTION="block type MusicZone"/><OtherTag ID="BT15" LABEL="NumberingZone" DESCRIPTION="block type NumberingZone"/><OtherTag ID="BT17" LABEL="QuireMarksZone" DESCRIPTION="block type QuireMarksZone"/><OtherTag ID="BT18" LABEL="RunningTitleZone" DESCRIPTION="block type RunningTitleZone"/><OtherTag ID="BT19" LABEL="SealZone" DESCRIPTION="block type SealZone"/><OtherTag ID="BT20" LABEL="StampZone" DESCRIPTION="block type StampZone"/><OtherTag ID="BT21" LABEL="TableZone" DESCRIPTION="block type TableZone"/><OtherTag ID="BT22" LABEL="TitlePageZone" DESCRIPTION="block type TitlePageZone"/>
    <OtherTag ID="LT7" LABEL="CustomLine" DESCRIPTION="line type CustomLine"/><OtherTag ID="LT8" LABEL="DefaultLine" DESCRIPTION="line type DefaultLine"/><OtherTag ID="LT9" LABEL="DropCapitalLine" DESCRIPTION="line type DropCapitalLine"/><OtherTag ID="LT10" LABEL="HeadingLine" DESCRIPTION="line type HeadingLine"/><OtherTag ID="LT11" LABEL="InterlinearLine" DESCRIPTION="line type InterlinearLine"/><OtherTag ID="LT12" LABEL="MusicLine" DESCRIPTION="line type MusicLine"/><OtherTag ID="LT1205" LABEL="default" DESCRIPTION="line type default"/>
  </Tags>
  <Layout>
    <Page WIDTH="800"
          HEIGHT="1186"
          PHYSICAL_IMG_NR="100"
          ID="eSc_dummypage_">
      <PrintSpace HPOS="0"
                  VPOS="0"
                  WIDTH="800"
                  HEIGHT="1186">
        <TextBlock HPOS="652"
                   VPOS="60"
                   WIDTH="62"
                   HEIGHT="60"
                   ID="eSc_textblock_1569b330"
                   TAGREFS="BT15">
          <Shape><Polygon POINTS="652 60 652 120 714 120 714 60"/></Shape>
          <TextLine ID="eSc_line_354e30aa"
                    TAGREFS="LT8"
                    BASELINE="668 100 698 100" 
                    HPOS="668"
                    VPOS="71"
                    WIDTH="30"
                    HEIGHT="45">
            <Shape><Polygon POINTS="668 100 668 113 681 116 682 116 682 116 698 110 698 100 698 73 668 71 668 100"/></Shape>
            <String CONTENT="99"
                    HPOS="668"
                    VPOS="71"
                    WIDTH="30"
                    HEIGHT="45"
                    WC="0.9991636574268341"></String>
          </TextLine>
        </TextBlock>
        <TextBlock HPOS="113"
                   VPOS="51"
                   WIDTH="363"
                   HEIGHT="58"
                   ID="eSc_textblock_28e6fe71"
                   TAGREFS="BT18">
          <Shape><Polygon POINTS="113 51 113 109 476 109 476 51"/></Shape>
          <TextLine ID="eSc_line_8c59f0ba"
                    TAGREFS="LT10"
                    BASELINE="126 91 463 92" 
                    HPOS="91"
                    VPOS="61"
                    WIDTH="372"
                    HEIGHT="39">
            <Shape><Polygon POINTS="443 69 436 69 430 69 423 69 417 69 410 69 403 68 397 68 390 68 384 67 377 67 371 67 364 67 357 67 351 67 344 66 338 66 331 66 324 66 318 65 311 65 305 65 298 65 291 65 285 65 278 64 272 64 265 64 258 63 252 63 245 63 239 63 232 63 226 63 222 62 147 61 122 79 91 100 462 99 463 92 452 69 450 69"/></Shape>
            <String CONTENT="SPIRITVELLES."
                    HPOS="91"
                    VPOS="61"
                    WIDTH="372"
                    HEIGHT="39"
                    ></String>
          </TextLine>
        </TextBlock>
        <TextBlock HPOS="82"
                   VPOS="576"
                   WIDTH="88"
                   HEIGHT="81"
                   ID="eSc_textblock_99303996"
                   TAGREFS="BT10">
          <Shape><Polygon POINTS="82 576 82 657 170 657 170 576"/></Shape>
          <TextLine ID="eSc_line_8a14a643"
                    TAGREFS="LT9"
                    BASELINE="96 639 159 637" 
                    HPOS="92"
                    VPOS="576"
                    WIDTH="66"
                    HEIGHT="88">
            <Shape><Polygon POINTS="95 654 118 664 119 664 120 664 158 662 158 636 155 587 125 576 124 576 123 576 92 581 95 638"/></Shape>
            <String CONTENT="Q"
                    HPOS="92"
                    VPOS="576"
                    WIDTH="66"
                    HEIGHT="88"
                    WC="0.9997695088386536"></String>
          </TextLine>
        </TextBlock>
        <TextBlock HPOS="64"
                   VPOS="103"
                   WIDTH="668"
                   HEIGHT="994"
                   ID="eSc_textblock_b075637c"
                   TAGREFS="BT12">
          <Shape><Polygon POINTS="64 103 80 1097 728 1097 732 394 533 107"/></Shape>
          <TextLine ID="eSc_line_1cfdc01d"
                    TAGREFS="LT8"
                    BASELINE="85 135 527 139" 
                    HPOS="85"
                    VPOS="105"
                    WIDTH="442"
                    HEIGHT="47">
            <Shape><Polygon POINTS="520 117 514 115 512 113 454 108 453 108 417 114 401 108 401 108 400 108 399 108 380 114 359 107 359 107 358 107 357 107 340 113 330 107 329 107 328 107 308 107 307 107 307 107 293 113 245 113 241 110 240 110 239 110 239 110 238 110 237 110 233 113 202 113 182 106 181 106 181 106 180 106 163 112 147 105 146 105 146 105 145 105 127 110 111 105 110 105 110 105 90 107 85 112 85 135 85 146 125 144 136 148 137 148 137 149 137 148 138 148 148 144 214 150 215 150 234 146 241 151 242 151 243 151 243 152 257 152 257 151 277 146 284 151 285 151 285 151 319 152 320 152 351 152 351 152 352 152 353 152 357 148 377 152 378 152 378 152 389 147 458 150 459 150 502 148 526 152 527 139 525 119 520 117"/></Shape>
            <String CONTENT="Et faiſons tous honneſte chere,"
                    HPOS="85"
                    VPOS="105"
                    WIDTH="442"
                    HEIGHT="47"
                    WC="0.970569489463683"></String>
          </TextLine>
          <TextLine ID="eSc_line_cfc7aaa8"
                    TAGREFS="LT8"
                    BASELINE="85 175 534 179" 
                    HPOS="85"
                    VPOS="148"
                    WIDTH="449"
                    HEIGHT="43">
            <Shape><Polygon POINTS="85 175 85 188 97 189 98 189 98 189 99 189 99 188 104 184 119 188 120 188 121 188 121 188 122 188 127 184 137 187 138 187 139 187 139 187 153 184 158 189 159 189 160 189 175 189 175 189 206 185 216 189 217 189 218 189 233 186 246 189 247 189 247 189 248 189 249 189 249 189 254 185 274 188 275 188 300 186 306 190 307 190 307 190 308 191 342 191 342 190 342 190 355 185 379 191 380 191 413 191 413 191 414 191 423 186 454 189 455 189 485 187 503 191 504 191 504 191 533 187 534 179 533 154 473 156 470 154 470 153 469 153 469 153 468 153 467 153 456 156 432 150 431 150 430 150 403 156 306 156 302 152 301 152 301 152 300 152 282 155 255 149 255 149 254 149 239 154 230 149 229 149 229 149 214 149 214 149 213 149 202 155 175 155 165 150 164 150 164 150 163 150 154 154 144 148 143 148 142 148 117 151 85 148 85 175"/></Shape>
            <String CONTENT="Puis que le Sauueur nous a mis,"
                    HPOS="85"
                    VPOS="148"
                    WIDTH="449"
                    HEIGHT="43"
                    WC="0.984238903368673"></String>
          </TextLine>
          <TextLine ID="eSc_line_2e4d3fed"
                    TAGREFS="LT8"
                    BASELINE="85 213 485 216" 
                    HPOS="84"
                    VPOS="184"
                    WIDTH="401"
                    HEIGHT="46">
            <Shape><Polygon POINTS="85 213 84 223 114 222 125 227 126 227 127 227 127 227 150 222 171 227 172 227 173 227 173 227 189 222 201 228 202 228 202 228 239 225 245 229 245 229 246 229 247 229 247 229 248 229 254 225 262 228 263 228 264 228 289 223 304 229 305 229 305 229 306 229 307 229 314 223 320 227 320 227 321 227 322 227 322 227 336 224 372 229 373 229 374 229 374 229 379 225 405 224 439 230 440 230 440 230 450 225 454 229 455 229 456 229 456 229 457 229 457 229 465 224 485 224 485 216 485 195 467 191 467 191 466 191 453 194 434 187 433 187 432 187 376 193 364 187 363 187 340 186 339 186 338 186 338 186 338 187 332 191 309 185 309 185 308 185 307 185 307 185 307 186 299 193 281 193 267 185 266 185 266 185 251 186 250 186 249 186 240 193 212 193 179 185 179 185 178 185 165 192 127 190 119 184 119 184 118 184 117 184 117 184 102 187 85 184 85 213"/></Shape>
            <String CONTENT="Hors de peché &amp; de miſere:"
                    HPOS="84"
                    VPOS="184"
                    WIDTH="401"
                    HEIGHT="46"
                    WC="0.9907258462022852"></String>
          </TextLine>
          <TextLine ID="eSc_line_16904657"
                    TAGREFS="LT8"
                    BASELINE="85 253 548 256" 
                    HPOS="84"
                    VPOS="225"
                    WIDTH="464"
                    HEIGHT="45">
            <Shape><Polygon POINTS="85 253 84 259 99 265 100 265 100 265 112 263 117 267 117 268 117 268 118 268 119 268 143 268 143 268 144 268 156 262 169 268 170 268 170 268 171 268 171 268 177 264 187 266 188 266 217 261 227 268 228 268 228 268 229 269 240 269 240 268 241 268 261 261 311 261 320 269 321 269 322 269 322 269 323 269 340 262 359 269 359 269 360 270 385 270 385 269 386 269 386 269 397 262 430 262 442 270 442 270 443 270 444 270 496 264 512 270 512 270 513 270 547 268 548 256 548 233 534 227 533 227 533 227 532 227 505 234 488 234 479 227 479 227 478 227 454 227 453 227 452 227 432 233 403 233 399 229 398 229 398 229 397 229 396 229 389 233 355 232 346 226 345 226 345 226 332 226 331 226 330 226 330 226 321 233 278 232 268 225 267 225 266 225 266 225 232 227 231 227 222 232 184 229 183 229 149 231 142 225 142 225 141 225 141 225 93 225 92 225 92 225 85 228 85 253"/></Shape>
            <String CONTENT="Soyons enclins a luy complaire,"
                    HPOS="84"
                    VPOS="225"
                    WIDTH="464"
                    HEIGHT="45"
                    WC="0.9777903652960255"></String>
          </TextLine>
          <TextLine ID="eSc_line_2c3b2a7c"
                    TAGREFS="LT8"
                    BASELINE="86 291 427 293" 
                    HPOS="86"
                    VPOS="264"
                    WIDTH="341"
                    HEIGHT="39">
            <Shape><Polygon POINTS="86 291 86 297 104 301 104 301 229 299 259 302 260 303 427 303 427 293 427 272 367 270 362 265 362 264 361 264 361 264 360 264 297 272 276 267 275 267 274 267 266 269 258 264 257 264 257 264 256 264 204 271 170 271 164 264 164 264 163 264 162 264 148 264 147 264 146 264 146 264 135 272 129 272 119 264 119 264 118 264 117 264 86 264 86 291"/></Shape>
            <String CONTENT="Et obeir a ſon vouloir:"
                    HPOS="86"
                    VPOS="264"
                    WIDTH="341"
                    HEIGHT="39"
                    WC="0.9904754835626354"></String>
          </TextLine>
          <TextLine ID="eSc_line_fc0fe91f"
                    TAGREFS="LT8"
                    BASELINE="87 330 473 334" 
                    HPOS="86"
                    VPOS="298"
                    WIDTH="387"
                    HEIGHT="49">
            <Shape><Polygon POINTS="87 330 86 338 154 338 168 345 169 345 170 345 201 345 201 345 202 345 202 345 215 338 231 338 257 345 257 345 258 346 270 346 270 345 270 345 271 345 271 345 276 341 279 344 279 345 280 345 280 345 281 345 281 345 282 345 282 345 282 344 286 341 295 343 295 343 296 343 316 339 344 339 350 344 351 344 351 344 352 344 353 344 353 344 353 343 358 339 373 347 374 347 374 347 399 347 399 347 399 347 400 347 405 343 408 347 409 347 409 347 409 347 410 347 411 347 411 347 425 341 438 347 439 347 440 347 440 347 441 347 452 340 473 339 473 334 471 301 456 311 425 311 409 301 409 301 408 301 407 301 384 305 384 305 383 305 383 305 378 309 366 301 365 301 365 301 364 301 344 302 343 302 326 310 298 310 276 299 276 299 226 299 226 299 225 299 211 307 189 304 189 304 162 308 146 306 139 299 139 298 139 298 138 298 111 298 110 298 110 298 87 307 87 330"/></Shape>
            <String CONTENT="Afin que là fus en ſa gloire"
                    HPOS="86"
                    VPOS="298"
                    WIDTH="387"
                    HEIGHT="49"
                    WC="0.9726061060510832"></String>
          </TextLine>
          <TextLine ID="eSc_line_f69a5fc6"
                    TAGREFS="LT8"
                    BASELINE="86 372 523 372" 
                    HPOS="86"
                    VPOS="340"
                    WIDTH="437"
                    HEIGHT="46">
            <Shape><Polygon POINTS="521 351 506 351 489 340 488 340 488 340 487 340 486 340 467 351 388 351 367 341 367 341 366 341 365 341 353 348 347 343 347 343 347 343 346 343 345 343 331 345 320 340 320 340 297 340 296 340 295 340 295 340 285 349 262 349 238 340 237 340 237 340 236 340 235 340 225 348 220 344 220 344 219 344 218 344 218 344 217 344 208 350 199 345 198 345 197 345 197 345 183 348 171 340 171 340 170 340 131 340 130 340 129 340 116 346 110 341 110 340 110 340 109 340 86 340 86 372 86 379 106 386 107 386 108 386 134 380 142 384 143 384 144 384 170 380 178 385 179 385 179 385 180 385 181 385 200 380 210 383 210 383 211 383 230 380 244 386 245 386 245 386 246 386 258 380 292 384 293 384 293 384 303 380 325 380 332 384 333 384 334 384 334 384 335 384 347 380 359 386 360 386 361 386 415 386 415 386 415 386 416 386 425 380 439 386 440 386 440 386 441 386 452 382 462 386 463 386 463 386 464 386 473 382 483 386 483 386 484 386 523 381 523 372 523 352 521 351"/></Shape>
            <String CONTENT="Puiſſions ſans fin repos auoir."
                    HPOS="86"
                    VPOS="340"
                    WIDTH="437"
                    HEIGHT="46"
                    WC="0.9896030329888866"></String>
          </TextLine>
          <TextLine ID="eSc_line_3c75a416"
                    TAGREFS="LT10"
                    BASELINE="87 424 711 430" 
                    HPOS="86"
                    VPOS="386"
                    WIDTH="625"
                    HEIGHT="59">
            <Shape><Polygon POINTS="700 401 693 401 687 401 680 400 674 399 667 399 660 399 654 398 647 398 641 397 636 397 608 399 588 394 587 394 586 394 579 396 571 392 568 392 562 392 555 392 554 391 546 394 508 388 494 388 493 388 492 388 475 397 454 389 398 387 348 387 347 387 346 387 338 393 313 395 296 386 295 386 274 386 273 386 257 389 231 386 230 386 207 392 189 386 188 386 187 386 170 394 159 391 158 391 157 391 156 391 150 394 87 394 87 424 86 436 185 440 186 440 195 435 248 440 249 440 265 434 279 441 280 441 280 442 295 442 295 441 296 441 297 441 301 438 309 440 310 440 311 440 326 433 393 433 407 442 408 442 409 443 438 443 438 442 439 442 454 434 523 434 546 444 547 444 548 444 570 444 571 444 600 436 638 436 648 440 649 440 674 437 694 445 695 445 710 442 711 430 711 402 707 402"/></Shape>
            <String CONTENT="Confeſſant ſon peché il implore la miſericorde de"
                    HPOS="86"
                    VPOS="386"
                    WIDTH="625"
                    HEIGHT="59"
                    ></String>
          </TextLine>
          <TextLine ID="eSc_line_e1fe5154"
                    TAGREFS="LT10"
                    BASELINE="127 464 706 469" 
                    HPOS="127"
                    VPOS="437"
                    WIDTH="579"
                    HEIGHT="55">
            <Shape><Polygon POINTS="127 477 239 477 250 482 251 482 269 482 270 482 287 477 312 478 324 486 325 486 326 486 355 480 376 486 377 486 378 486 390 482 422 482 434 490 435 490 436 490 457 482 488 490 489 490 490 490 512 479 522 479 554 490 555 490 633 492 634 492 662 492 682 481 705 480 706 469 705 450 647 446 646 446 624 448 613 442 612 442 611 442 563 448 539 440 503 440 502 440 501 440 491 448 479 448 467 440 466 440 465 440 426 440 425 440 409 447 371 447 347 440 346 440 345 440 336 444 318 438 317 438 316 438 290 443 272 438 271 438 247 443 180 440 179 440 164 444 147 437 146 437 127 440 127 464"/></Shape>
            <String CONTENT="Dieu, monſtrant que c&#x27;eſt luy ſeul qui peut par¬"
                    HPOS="127"
                    VPOS="437"
                    WIDTH="579"
                    HEIGHT="55"
                    WC="0.9876495649417242"></String>
          </TextLine>
          <TextLine ID="eSc_line_c92e81a2"
                    TAGREFS="LT10"
                    BASELINE="131 504 358 506" 
                    HPOS="130"
                    VPOS="473"
                    WIDTH="228"
                    HEIGHT="48">
            <Shape><Polygon POINTS="130 511 142 515 143 515 144 515 173 513 181 519 182 519 183 519 193 514 214 518 215 518 216 518 226 513 247 513 253 519 253 520 254 520 255 520 255 521 299 521 299 520 315 514 331 514 338 520 338 521 339 521 340 521 357 517 358 506 358 486 326 486 313 475 312 475 311 475 295 484 281 484 274 478 273 478 272 478 256 483 237 474 236 474 235 474 234 474 224 482 199 484 174 473 173 473 143 473 142 473 131 479 131 504"/></Shape>
            <String CONTENT="douner les pechez."
                    HPOS="130"
                    VPOS="473"
                    WIDTH="228"
                    HEIGHT="48"
                    WC="0.986337145169576"></String>
          </TextLine>
          <TextLine ID="eSc_line_89a33dd5"
                    TAGREFS="LT10"
                    BASELINE="125 567 633 571" 
                    HPOS="125"
                    VPOS="533"
                    WIDTH="508"
                    HEIGHT="50">
            <Shape><Polygon POINTS="613 544 606 544 600 543 593 543 580 543 578 542 573 542 567 541 560 541 554 540 547 540 542 540 529 542 519 538 514 538 508 538 501 537 498 537 487 540 471 535 468 535 464 535 451 542 436 542 426 535 425 535 424 535 411 537 378 533 333 539 324 533 323 533 294 533 293 533 276 537 262 533 261 533 260 533 259 533 251 538 240 533 239 533 238 533 222 539 201 533 200 533 153 539 141 536 140 536 125 538 125 567 125 575 133 579 134 579 135 579 193 575 204 579 205 579 206 579 253 576 266 580 267 580 268 580 305 577 340 581 341 581 376 577 388 581 389 581 429 577 434 581 435 581 436 581 437 581 451 578 486 582 518 579 523 582 524 582 525 582 537 578 542 582 543 582 544 582 545 582 557 579 615 583 616 583 632 578 633 571 626 548 620 544"/></Shape>
            <String CONTENT="Sur le chãt, Qui la dira la douleur."
                    HPOS="125"
                    VPOS="533"
                    WIDTH="508"
                    HEIGHT="50"
                    WC="0.9628568758835664"></String>
          </TextLine>
          <TextLine ID="eSc_line_58f78a0b"
                    TAGREFS="LT8"
                    BASELINE="164 606 655 611" 
                    HPOS="163"
                    VPOS="575"
                    WIDTH="492"
                    HEIGHT="49">
            <Shape><Polygon POINTS="164 606 163 613 228 614 238 619 239 619 239 619 240 619 255 615 262 620 263 620 264 620 264 620 361 616 373 621 374 621 374 622 394 622 394 621 394 621 404 616 419 620 420 620 440 618 453 622 454 622 454 623 482 623 482 622 483 622 491 618 500 622 500 622 501 622 584 618 597 623 598 623 599 623 599 623 600 623 606 618 631 618 637 623 638 623 639 623 639 624 654 624 655 611 655 587 606 581 606 581 605 581 593 585 542 585 527 578 526 578 525 578 525 578 508 584 492 577 491 577 490 577 415 583 398 577 397 577 380 577 380 577 379 577 378 577 369 583 360 583 349 576 349 576 348 576 347 576 347 576 332 583 305 575 304 575 303 575 276 582 253 575 253 575 241 575 241 575 240 575 239 575 233 581 215 575 214 575 214 575 164 577 164 606"/></Shape>
            <String CONTENT="Vi la dira la douleur de mon cœur,"
                    HPOS="163"
                    VPOS="575"
                    WIDTH="492"
                    HEIGHT="49"
                    WC="0.986437094562194"></String>
          </TextLine>
          <TextLine ID="eSc_line_f75b0c1e"
                    TAGREFS="LT8"
                    BASELINE="169 647 399 646 703 652" 
                    HPOS="167"
                    VPOS="611"
                    WIDTH="535"
                    HEIGHT="55">
            <Shape><Polygon POINTS="168 646 167 660 223 655 263 655 268 662 312 656 335 663 354 657 369 663 465 658 519 665 567 659 612 666 633 660 660 666 701 661 702 622 657 616 613 621 595 615 553 620 528 615 353 618 318 612 283 617 246 611 198 611 192 616 168 611 168 646"/></Shape>
            <String CONTENT="Et le ſouci que pour mon peché porte:"
                    HPOS="167"
                    VPOS="611"
                    WIDTH="535"
                    HEIGHT="55"
                    ></String>
          </TextLine>
          <TextLine ID="eSc_line_f576d6c6"
                    TAGREFS="LT8"
                    BASELINE="89 683 324 685 697 691" 
                    HPOS="88"
                    VPOS="651"
                    WIDTH="609"
                    HEIGHT="50">
            <Shape><Polygon POINTS="88 692 696 701 697 691 697 662 684 664 671 660 670 660 670 660 669 660 652 666 633 659 633 659 632 659 631 659 631 659 620 666 604 666 593 658 592 658 591 658 567 658 566 658 541 664 467 664 428 656 427 656 427 656 412 662 377 662 367 656 366 656 365 656 343 655 342 655 342 655 341 655 332 661 320 654 320 654 319 654 280 660 233 653 232 653 202 658 187 652 187 652 186 652 141 658 108 658 90 651 89 683 88 692"/></Shape>
            <String CONTENT="Ie ne ſouſtiens qu’ennuy, peine &amp; douleur"
                    HPOS="88"
                    VPOS="651"
                    WIDTH="609"
                    HEIGHT="50"
                    ></String>
          </TextLine>
          <TextLine ID="eSc_line_daa1d45a"
                    TAGREFS="LT8"
                    BASELINE="88 724 680 730" 
                    HPOS="87"
                    VPOS="693"
                    WIDTH="593"
                    HEIGHT="49">
            <Shape><Polygon POINTS="88 724 87 733 152 733 160 737 160 737 161 737 162 737 162 737 177 733 195 737 196 737 197 737 282 734 332 739 333 739 334 739 351 734 417 740 417 741 481 741 481 740 482 740 491 736 550 741 551 741 591 737 611 737 620 742 620 742 621 742 622 742 679 739 680 730 679 706 613 698 598 698 597 698 597 698 596 698 584 706 548 706 512 701 511 701 510 701 499 705 462 701 461 701 423 704 405 696 404 696 403 696 351 701 336 695 336 695 335 695 334 695 317 703 302 695 301 695 278 695 277 695 253 699 248 696 247 696 247 696 246 696 231 702 202 697 202 697 201 697 200 697 193 702 171 702 153 693 152 693 152 693 115 697 99 693 98 693 98 693 97 693 88 697 88 724"/></Shape>
            <String CONTENT="Et ſi n’ay nul mon Dieu qui me conforte."
                    HPOS="87"
                    VPOS="693"
                    WIDTH="593"
                    HEIGHT="49"
                    WC="0.9767365455627441"></String>
          </TextLine>
          <TextLine ID="eSc_line_044e13ae"
                    TAGREFS="LT8"
                    BASELINE="88 762 703 768" 
                    HPOS="88"
                    VPOS="734"
                    WIDTH="615"
                    HEIGHT="48">
            <Shape><Polygon POINTS="88 762 88 771 166 778 167 778 210 774 231 778 232 778 233 778 245 774 278 774 293 779 293 779 294 779 295 779 306 774 361 780 362 780 384 780 384 780 384 780 385 780 391 776 411 780 411 780 412 780 429 775 469 780 511 781 512 781 512 781 522 776 542 776 566 780 567 780 582 778 589 782 589 782 590 782 591 782 632 779 643 782 644 782 645 782 645 782 662 778 701 782 703 768 702 737 674 737 674 737 673 737 672 737 661 744 634 737 633 737 633 737 612 741 593 737 593 737 592 737 567 744 558 738 557 738 556 738 556 738 555 738 545 741 539 737 539 737 538 737 498 735 482 735 481 735 481 735 480 735 468 743 434 739 434 739 338 741 320 736 320 736 319 736 318 736 310 738 294 734 293 734 293 734 292 734 282 737 274 734 273 734 272 734 226 741 183 737 183 737 158 740 141 734 140 734 139 734 139 734 125 739 108 734 107 734 106 734 88 737 88 762"/></Shape>
            <String CONTENT="O Seigneur Dieu qui mets dehors d’eſmoy"
                    HPOS="88"
                    VPOS="734"
                    WIDTH="615"
                    HEIGHT="48"
                    ></String>
          </TextLine>
          <TextLine ID="eSc_line_89942531"
                    TAGREFS="LT8"
                    BASELINE="90 801 573 807" 
                    HPOS="89"
                    VPOS="771"
                    WIDTH="484"
                    HEIGHT="46">
            <Shape><Polygon POINTS="90 801 89 811 137 813 137 813 138 813 148 809 162 814 162 814 163 814 208 811 228 815 229 815 229 815 230 815 236 811 247 814 248 814 249 814 267 810 272 814 272 815 272 815 273 815 274 815 274 815 285 811 291 815 291 815 292 815 293 815 326 812 336 816 336 816 337 816 338 816 338 816 345 812 358 816 359 816 359 816 389 811 418 816 419 816 438 812 572 817 573 807 573 784 558 784 549 776 548 776 548 776 537 776 537 776 536 776 535 776 526 783 503 778 502 778 465 782 450 775 450 775 423 775 422 775 421 775 421 775 414 780 381 775 380 775 380 775 379 775 371 781 340 778 340 778 339 778 338 778 334 781 319 774 318 774 318 774 317 774 301 780 250 780 238 775 237 775 237 775 211 780 188 775 187 775 187 775 175 778 168 772 167 772 166 772 144 772 143 772 142 772 142 772 142 773 137 777 128 772 127 772 90 771 90 801"/></Shape>
            <String CONTENT="Tes ſeruiteurs, par ta miſericorde,"
                    HPOS="89"
                    VPOS="771"
                    WIDTH="484"
                    HEIGHT="46"
                    WC="0.9920356239591326"></String>
          </TextLine>
          <TextLine ID="eSc_line_adef5a80"
                    TAGREFS="LT8"
                    BASELINE="90 840 622 845" 
                    HPOS="90"
                    VPOS="811"
                    WIDTH="532"
                    HEIGHT="48">
            <Shape><Polygon POINTS="621 822 534 822 519 814 519 814 518 814 517 814 494 820 454 815 453 815 425 820 394 813 394 813 393 813 392 813 378 820 333 814 332 814 332 814 318 820 292 812 291 812 291 812 255 816 237 811 236 811 177 811 177 811 176 811 175 811 168 817 130 818 120 811 119 811 119 811 90 811 90 840 90 847 99 852 100 852 100 852 139 849 166 856 167 856 168 857 197 857 197 856 197 856 198 856 209 849 220 849 229 856 230 856 231 856 242 857 243 857 265 857 265 857 266 857 266 857 278 850 340 854 341 854 390 851 438 851 444 855 444 855 445 855 446 855 446 855 454 851 469 859 470 859 471 859 481 859 481 859 482 859 483 859 492 852 547 859 548 859 621 857 622 845 622 823 621 822"/></Shape>
            <String CONTENT="Ton plaiſir ſoit auoir mercy de moy:"
                    HPOS="90"
                    VPOS="811"
                    WIDTH="532"
                    HEIGHT="48"
                    WC="0.9797569331195619"></String>
          </TextLine>
          <TextLine ID="eSc_line_ff7dccd0"
                    TAGREFS="LT8"
                    BASELINE="89 881 238 880 621 886" 
                    HPOS="88"
                    VPOS="849"
                    WIDTH="533"
                    HEIGHT="49">
            <Shape><Polygon POINTS="89 881 88 890 123 892 124 892 125 892 142 886 238 894 239 894 279 888 298 894 299 894 299 894 317 890 338 895 338 895 403 891 410 894 411 894 411 894 412 894 428 890 444 894 444 894 445 894 446 894 454 891 463 894 463 894 464 894 504 892 516 896 517 896 517 896 552 892 573 898 573 898 574 898 620 898 621 886 621 863 597 863 582 854 581 854 581 854 580 854 579 854 565 861 552 858 551 858 550 858 535 862 509 853 508 853 483 853 483 853 482 853 470 859 456 859 444 852 443 852 442 852 383 851 382 851 382 851 381 851 367 860 343 860 332 851 331 851 330 851 316 850 276 849 276 849 275 849 255 858 189 854 189 854 123 856 108 849 107 849 106 849 89 850 89 881"/></Shape>
            <String CONTENT="Par mon peché i’ay deſſerui la corde."
                    HPOS="88"
                    VPOS="849"
                    WIDTH="533"
                    HEIGHT="49"
                    WC="0.9860622992641047"></String>
          </TextLine>
          <TextLine ID="eSc_line_b03bbc34"
                    TAGREFS="LT8"
                    BASELINE="127 918 523 923" 
                    HPOS="126"
                    VPOS="888"
                    WIDTH="397"
                    HEIGHT="47">
            <Shape><Polygon POINTS="127 918 126 925 156 931 157 931 158 931 174 927 223 927 239 932 240 932 241 932 241 932 249 929 272 932 273 932 274 932 284 928 297 933 298 933 299 933 325 930 335 933 336 933 336 933 364 930 392 933 392 933 393 933 405 930 428 934 428 934 429 934 441 932 488 935 488 935 489 935 490 935 496 931 523 930 523 923 523 900 504 896 503 896 502 896 492 900 443 900 434 892 433 892 432 892 432 892 431 892 430 892 430 892 426 896 411 891 410 891 382 891 382 891 381 891 380 891 372 898 345 898 336 891 336 891 335 891 334 891 334 891 333 891 326 897 314 897 309 893 309 893 308 893 307 893 307 893 306 893 306 894 301 898 284 894 283 894 260 897 241 889 240 889 239 889 239 889 238 889 226 897 216 897 184 888 183 888 127 888 127 918"/></Shape>
            <String CONTENT="Efface donc toute l’iniquite"
                    HPOS="126"
                    VPOS="888"
                    WIDTH="397"
                    HEIGHT="47"
                    WC="0.9858111717871257"></String>
          </TextLine>
          <TextLine ID="eSc_line_834e5967"
                    TAGREFS="LT8"
                    BASELINE="92 958 629 966" 
                    HPOS="91"
                    VPOS="926"
                    WIDTH="538"
                    HEIGHT="55">
            <Shape><Polygon POINTS="627 941 616 940 608 934 607 934 606 934 577 933 577 933 576 933 575 933 568 938 561 933 560 933 560 933 539 932 510 932 510 932 476 939 452 937 446 931 445 931 444 931 444 931 443 931 427 938 404 933 403 933 403 933 389 938 284 933 284 933 283 933 271 936 244 931 243 931 243 931 229 936 205 936 186 928 185 928 185 928 184 928 168 935 142 935 136 929 135 929 135 929 134 929 133 929 133 929 129 932 115 927 115 927 92 926 92 958 91 969 99 973 100 973 100 973 137 974 137 974 138 974 158 967 180 973 181 973 181 973 282 969 293 976 294 976 295 976 295 976 330 971 338 977 339 977 340 977 360 977 361 978 384 978 384 977 385 977 399 971 440 971 459 979 460 979 461 979 461 979 462 979 471 972 490 977 490 977 491 977 492 977 502 973 535 977 535 977 561 973 570 980 570 980 571 980 583 981 584 981 628 973 629 966 629 947 627 941"/></Shape>
            <String CONTENT="Qui eſt en moy en grande multitude:"
                    HPOS="91"
                    VPOS="926"
                    WIDTH="538"
                    HEIGHT="55"
                    WC="0.9841551968029567"></String>
          </TextLine>
          <TextLine ID="eSc_line_5fd5cd22"
                    TAGREFS="LT8"
                    BASELINE="88 998 558 1003" 
                    HPOS="88"
                    VPOS="969"
                    WIDTH="470"
                    HEIGHT="45">
            <Shape><Polygon POINTS="88 998 88 1009 142 1005 149 1010 150 1010 150 1010 151 1010 152 1010 163 1006 190 1006 216 1011 217 1011 262 1006 305 1012 306 1012 421 1010 441 1014 442 1014 442 1014 451 1010 510 1014 510 1014 526 1010 531 1014 532 1014 533 1014 533 1014 558 1014 558 1003 558 981 529 981 520 973 519 973 519 973 499 973 498 973 498 973 481 979 440 972 401 972 400 972 399 972 399 972 395 976 387 973 386 973 386 973 385 973 372 978 333 973 332 973 332 973 322 978 236 977 220 971 220 971 219 971 193 973 183 969 183 969 182 969 181 969 168 973 144 970 144 970 143 970 124 975 112 970 112 970 88 969 88 998"/></Shape>
            <String CONTENT="Ie ne vaux rien, car ie ſuis vanite,"
                    HPOS="88"
                    VPOS="969"
                    WIDTH="470"
                    HEIGHT="45"
                    WC="0.9781043926874796"></String>
          </TextLine>
          <TextLine ID="eSc_line_7555c7af"
                    TAGREFS="LT8"
                    BASELINE="88 1037 643 1043" 
                    HPOS="87"
                    VPOS="1006"
                    WIDTH="556"
                    HEIGHT="48">
            <Shape><Polygon POINTS="88 1037 87 1048 143 1046 158 1050 159 1050 160 1050 160 1050 174 1046 181 1051 181 1051 182 1051 258 1052 259 1052 260 1052 260 1052 268 1047 297 1052 297 1053 329 1053 329 1052 330 1052 339 1048 365 1053 366 1053 401 1048 423 1048 430 1053 430 1053 431 1053 432 1053 432 1053 433 1053 440 1049 475 1054 476 1054 500 1050 521 1054 521 1054 541 1050 558 1054 558 1054 559 1054 560 1054 574 1050 642 1052 643 1043 643 1020 625 1017 616 1011 616 1011 615 1011 614 1011 572 1014 556 1010 555 1010 554 1010 523 1018 507 1012 506 1012 506 1012 505 1012 494 1018 452 1018 426 1012 425 1012 425 1012 424 1012 417 1017 330 1017 323 1013 322 1013 322 1013 307 1016 270 1008 256 1008 255 1008 255 1008 254 1008 241 1016 156 1006 156 1006 103 1007 102 1007 88 1011 88 1037"/></Shape>
            <String CONTENT="A faire mal i’ay mis tout mon eſtude."
                    HPOS="87"
                    VPOS="1006"
                    WIDTH="556"
                    HEIGHT="48"
                    WC="0.9933227445628192"></String>
          </TextLine>
          <TextLine ID="eSc_line_ae833774"
                    TAGREFS="LT8"
                    BASELINE="127 1078 656 1081" 
                    HPOS="127"
                    VPOS="1046"
                    WIDTH="529"
                    HEIGHT="62">
            <Shape><Polygon POINTS="127 1078 127 1104 171 1104 172 1104 173 1104 203 1092 237 1092 262 1105 262 1105 263 1105 264 1105 282 1097 309 1095 338 1106 339 1106 340 1106 403 1106 403 1106 403 1106 404 1106 421 1093 451 1094 465 1102 466 1102 467 1102 489 1099 490 1099 490 1099 499 1094 550 1094 588 1097 596 1103 597 1103 597 1103 598 1103 599 1103 606 1100 622 1107 622 1107 623 1108 655 1108 656 1081 656 1056 641 1049 640 1049 639 1049 614 1050 614 1050 602 1056 524 1056 496 1048 495 1048 494 1048 485 1054 449 1048 448 1048 448 1048 447 1048 440 1054 419 1048 419 1048 388 1048 387 1048 386 1048 369 1054 361 1049 360 1049 359 1049 359 1049 344 1051 340 1048 339 1048 338 1048 338 1048 337 1048 336 1048 332 1051 327 1047 326 1047 326 1047 325 1047 324 1047 304 1052 287 1048 286 1048 285 1048 285 1048 284 1048 274 1054 251 1054 202 1047 201 1047 200 1047 179 1053 127 1046 127 1078"/></Shape>
            <String CONTENT="Par mon peché ie ſuis deuant toy vil:"
                    HPOS="127"
                    VPOS="1046"
                    WIDTH="529"
                    HEIGHT="62"
                    WC="0.9756724881498438"></String>
          </TextLine>
        </TextBlock>
        <TextBlock HPOS="497"
                   VPOS="1087"
                   WIDTH="108"
                   HEIGHT="49"
                   ID="eSc_textblock_05c5d90f"
                   TAGREFS="BT17">
          <Shape><Polygon POINTS="497 1087 497 1136 605 1136 597 1087"/></Shape>
          <TextLine ID="eSc_line_a1ce1346"
                    TAGREFS="LT8"
                    BASELINE="510 1120 587 1119" 
                    HPOS="508"
                    VPOS="1088"
                    WIDTH="79"
                    HEIGHT="65">
            <Shape><Polygon POINTS="510 1120 510 1144 529 1152 529 1152 530 1153 548 1153 548 1152 548 1152 549 1152 549 1151 550 1151 552 1148 562 1151 562 1151 563 1151 564 1151 564 1151 564 1151 571 1143 587 1143 587 1119 586 1095 560 1088 559 1088 558 1088 546 1093 528 1089 527 1089 527 1089 508 1095 510 1120"/></Shape>
            <String CONTENT="G .ii."
                    HPOS="508"
                    VPOS="1088"
                    WIDTH="79"
                    HEIGHT="65"
                    ></String>
          </TextLine>
        </TextBlock>
      </PrintSpace>
    </Page>
  </Layout>
</alto>
