801 1183
96 60 63 43 100

313 52 239 42 CHANSONS

97 97 545 49 O laue moy de plus en plus par grace,

97 137 556 46 Car ſans l’auoir tout homme eſt inutil,

97 173 531 50 Et deſplaiſant deuant ta ſaincte face.

140 213 566 51 Tous mes pechez ie confeſſe & cognois

97 251 511 53 En general, ie delaiſſe les branches,

98 293 569 50 Car ie ne ſuis, comme bien i’apperçoys,

100 332 615 53 Rien que peché ne mes volontez franches.

141 371 464 49 I’ay deſſerui Seigneur & merité

99 414 458 46 De ſouſtenir punition expreſſe:

100 455 533 45 Fay moy pardon, lors vaincra verite,

101 488 621 49 L’hõme n’eſt rien, mais a toy ie m’addreſſe.

144 530 576 47 L’homme eſt a mal par ſa nature enclin:

101 565 452 52 Adam luy a laiſſé ceſt heritage,

101 607 579 51 Mais toy Seigneur par ton regard benin,

102 646 505 50 L’en as oſté & mis hors de ſeruage.

141 686 490 48 I’eſpere auſſi que tu m’arrouſeras

104 722 539 52 De l’eau de grace, & en nouuelle ſorte

103 765 526 50 Mon ame plus que neige blanchiras,

103 803 538 50 Tant ſoit tenante, ou la macule forte.

138 843 456 50 Lors ie ſeray par telle ablution

109 881 540 52 Tout conſolé, quand i’orray de l’ouye,

107 922 430 50 De tes pechez tu as remiſſion:

105 961 444 49 Iamais ne fuſt telle lieſſe ouye.

147 1000 533 47 Ie laiſſe la donc tous les pardonneurs,

107 1042 611 53 De toy tout ſeul i’attend pardon mon Sire:
