791 1187
650 81 59 44 101

193 73 340 47 SPIRITVELLES.

86 118 563 48 Notez ces mots helas poures pecheurs,

88 160 563 46 Venez a Chriſt par foy, & non par cire.

121 198 516 43 Eſtre en eſprit dolent & deſplaiſant

83 235 545 48 De ſon peche, & auoir en humbleſſe,

86 274 530 47 Le cœur contrit, ſacrifice eſt plaiſant

85 313 564 48 Deuant toy Sire, & deuant ta nobleſſe.

126 352 546 51 Voyla qu’on doit chanter & recorder,

83 392 510 46 Et en chantant la remiſſion croyre

83 430 570 51 De nos pechez par foy, non par ouurer,

82 471 631 52 Et puis de Dieu par grace attendre gloire.

81 523 630 58 Prie a Dieu d'eſtre deliuré des embuſches de Satan.

122 573 589 48 Inuite les pecheurs a ſe reduire, non pour crain¬

118 613 530 57 te des tormens, mais par amour & charite.

110 668 595 56 Sur le chant, Secourez moy ma dame par

82 705 139 48 amours.

129 742 450 55 Ecourez moy Sire des ennemis,

131 785 524 52 Ou autrement ie ſuis par eux vaincu.

86 824 623 55 Ne permettez qu’en leurs maĩs ie ſoys mis

87 866 504 42 Sire ſans vous, ie ſerois conuaincu.

121 903 584 52 Comme vn lion fait les beſtes au bois:

87 944 506 49 Ainſi Satan cherche pour me rauir:

86 983 620 47 Helas Seigneur, mon mal ſcauoir vous fais:

89 1025 543 45 Venez bien toſt, bien toſt me ſecourir.

90 1065 617 57 Tout mõ pouuoir, ma force & ma vigueur

84 760 34 69 S

506 1101 87 48 G .iii.
