802 1182
99 74 61 40 102

317 70 246 42 CHANSONS

98 111 483 49 Et mon ſecours & ma protection

100 151 615 48 Viennent de vous, mon Roy & mõ Seignr.

100 191 502 46 Pource ie viens a vous ſans fiction.

136 228 551 50 Ie demande eſtre a toy bien conuerti,

100 267 615 52 Non point par moy, mais par tõ bõ vouloir

102 309 485 48 Par mon peché ie me ſuis diuerti,

103 346 596 51 Sans toy mon Dieu ie ne peus rien valoir.

139 387 536 48 Dieu dit ainſi aux pecheurs diuertis,

105 423 576 55 Qui ont laiſſé ſon grand & ſeur chemin:

101 465 495 49 O malheureux ſi n’eſtes conuertis,

107 504 456 44 Vous irez tous en enfer a la fin.

141 540 577 50 Ses dars agus ſont vaiſſeaux de la mort,

103 584 476 48 Ses ſagettes ont le fer mout agu,

103 619 580 54 Les obſtinez pecheurs, pour ſon renfort,

104 664 488 49 Il traitte en ire, en fureur & argu.

145 702 574 47 Poures pecheurs craignons les iugemẽs

107 739 570 52 Du Seigneur Dieu, & obſeruons ſa loy:

108 779 615 52 Non ſeulement de peur des griefs tormẽs,

107 818 521 52 Mais par amour, par charite & foy.

148 859 537 47 Commandemens il a donné treſdoux

106 898 538 50 A ſes enfans,, pour les faire en eſprit:

110 937 515 50 Il eſt le pere, & le frere, & l’eſpoux:

109 976 546 56 Seruons a luy, & laiſſons l’Antechriſt.
