799 1184
655 64 62 49 105

231 60 350 53 SPIRITVELLES.

99 105 368 50 Pour ſon faict inhumain,

103 149 387 47 Tant que pour ſon ſupport

102 189 310 42 Il ſouhaitte la mort.

139 224 375 47 Ha, mon Dieu ie m’abuſe,

102 262 295 45 Et parle en inſenſé:

102 304 376 47 Mais toy Seigneur excuſe

101 341 295 47 Mon eſprit offenſé.

102 380 334 46 La grandeur du forfait

100 420 312 46 Ainſi parler m’a fait.

140 460 357 49 Fay luy pluſtoſt la grace

102 500 320 46 De ſi bien ſe changer,

121 540 394 47 Qu’il ſuyue vne autre trace,

103 580 360 46 Sans plus ſ’en eſtranger:

104 619 288 46 Ie ſeray trop vengé

105 655 286 54 S’il eſt ainſi changé.

323 734 195 53 Autre chanſon.

173 813 543 47 Que de maux me viennent oppreſſer,

169 854 539 44 Que ma douleur eſt aſpre & violente,

110 890 614 51 Et ſi ne ſcay (qui plus mon mal augmente)

113 929 528 49 A qui ie doiue ou puiſſe m’addreſſer.

111 968 575 48 Mon peché vient contre moy ſe dreſſer,

113 1009 610 46 Crainte de mort d’autre part me tormente,

115 1047 533 60 L’ire de Dieu a mes yeux ſe preſente,

106 816 60 73 O
