<?xml version="1.0" encoding="UTF-8"?>
<alto xmlns:xsi="http://www.w3.org/2001/XMLSchema-instance"
      xmlns="http://www.loc.gov/standards/alto/ns-v4#"
      xsi:schemaLocation="http://www.loc.gov/standards/alto/ns-v4# http://www.loc.gov/standards/alto/v4/alto-4-2.xsd">
  <Description>
    <MeasurementUnit>pixel</MeasurementUnit>
    <sourceImageInformation>
      <fileName>107_30a11_default.jpg</fileName>
      <fileIdentifier>https://iiif.onb.ac.at/images/ABO/Z167383706/00000108/full/full/0/default.jpg</fileIdentifier>
    </sourceImageInformation>
  </Description>
  <Tags>
    <OtherTag ID="BT7" LABEL="CustomZone" DESCRIPTION="block type CustomZone"/><OtherTag ID="BT8" LABEL="DamageZone" DESCRIPTION="block type DamageZone"/><OtherTag ID="BT9" LABEL="DigitizationArtefactZone" DESCRIPTION="block type DigitizationArtefactZone"/><OtherTag ID="BT10" LABEL="DropCapitalZone" DESCRIPTION="block type DropCapitalZone"/><OtherTag ID="BT11" LABEL="GraphicZone" DESCRIPTION="block type GraphicZone"/><OtherTag ID="BT12" LABEL="MainZone" DESCRIPTION="block type MainZone"/><OtherTag ID="BT13" LABEL="MarginTextZone" DESCRIPTION="block type MarginTextZone"/><OtherTag ID="BT14" LABEL="MusicZone" DESCRIPTION="block type MusicZone"/><OtherTag ID="BT15" LABEL="NumberingZone" DESCRIPTION="block type NumberingZone"/><OtherTag ID="BT17" LABEL="QuireMarksZone" DESCRIPTION="block type QuireMarksZone"/><OtherTag ID="BT18" LABEL="RunningTitleZone" DESCRIPTION="block type RunningTitleZone"/><OtherTag ID="BT19" LABEL="SealZone" DESCRIPTION="block type SealZone"/><OtherTag ID="BT20" LABEL="StampZone" DESCRIPTION="block type StampZone"/><OtherTag ID="BT21" LABEL="TableZone" DESCRIPTION="block type TableZone"/><OtherTag ID="BT22" LABEL="TitlePageZone" DESCRIPTION="block type TitlePageZone"/>
    <OtherTag ID="LT7" LABEL="CustomLine" DESCRIPTION="line type CustomLine"/><OtherTag ID="LT8" LABEL="DefaultLine" DESCRIPTION="line type DefaultLine"/><OtherTag ID="LT9" LABEL="DropCapitalLine" DESCRIPTION="line type DropCapitalLine"/><OtherTag ID="LT10" LABEL="HeadingLine" DESCRIPTION="line type HeadingLine"/><OtherTag ID="LT11" LABEL="InterlinearLine" DESCRIPTION="line type InterlinearLine"/><OtherTag ID="LT12" LABEL="MusicLine" DESCRIPTION="line type MusicLine"/><OtherTag ID="LT1205" LABEL="default" DESCRIPTION="line type default"/>
  </Tags>
  <Layout>
    <Page WIDTH="802"
          HEIGHT="1182"
          PHYSICAL_IMG_NR="107"
          ID="eSc_dummypage_">
      <PrintSpace HPOS="0"
                  VPOS="0"
                  WIDTH="802"
                  HEIGHT="1182">
        <TextBlock HPOS="80"
                   VPOS="58"
                   WIDTH="95"
                   HEIGHT="52"
                   ID="eSc_textblock_7459e048"
                   TAGREFS="BT15">
          <Shape><Polygon POINTS="80 58 80 110 175 110 175 58"/></Shape>
          <TextLine ID="eSc_line_a70c03ec"
                    TAGREFS="LT8"
                    BASELINE="92 97 154 95" 
                    HPOS="91"
                    VPOS="60"
                    WIDTH="63"
                    HEIGHT="49">
            <Shape><Polygon POINTS="150 63 143 63 137 63 134 62 130 65 112 65 99 60 97 60 95 61 91 63 92 97 92 107 108 109 109 109 109 109 110 109 110 108 115 104 137 107 137 107 138 107 154 103 154 95 153 63 150 63"/></Shape>
            <String CONTENT="106"
                    HPOS="91"
                    VPOS="60"
                    WIDTH="63"
                    HEIGHT="49"
                    ></String>
          </TextLine>
        </TextBlock>
        <TextBlock HPOS="248"
                   VPOS="46"
                   WIDTH="295"
                   HEIGHT="63"
                   ID="eSc_textblock_ec71f5e5"
                   TAGREFS="BT18">
          <Shape><Polygon POINTS="248 46 248 109 543 109 543 46"/></Shape>
          <TextLine ID="eSc_line_beba6742"
                    TAGREFS="LT8"
                    BASELINE="267 92 509 91" 
                    HPOS="267"
                    VPOS="63"
                    WIDTH="242"
                    HEIGHT="42">
            <Shape><Polygon POINTS="497 64 490 64 484 64 482 64 477 64 470 64 464 64 457 64 453 64 451 64 444 64 438 64 431 64 424 64 418 63 414 63 409 64 407 63 405 63 398 63 392 63 385 63 378 63 373 63 369 65 332 64 331 63 326 63 319 63 313 63 306 63 300 63 293 63 287 63 280 63 273 63 267 63 267 92 267 100 286 105 287 105 313 100 366 100 370 103 371 103 372 103 373 103 384 100 388 104 389 104 390 105 447 105 447 104 448 104 449 104 455 99 507 103 509 91 508 66 503 64"/></Shape>
            <String CONTENT="CHANSONS"
                    HPOS="267"
                    VPOS="63"
                    WIDTH="242"
                    HEIGHT="42"
                    WC="0.9996414035558701"></String>
          </TextLine>
        </TextBlock>
        <TextBlock HPOS="82"
                   VPOS="625"
                   WIDTH="64"
                   HEIGHT="60"
                   ID="eSc_textblock_d733c954"
                   TAGREFS="BT10">
          <Shape><Polygon POINTS="82 625 82 685 146 685 146 625"/></Shape>
          <TextLine ID="eSc_line_8dba2efe"
                    TAGREFS="LT10"
                    BASELINE="86 673 137 673" 
                    HPOS="85"
                    VPOS="610"
                    WIDTH="62"
                    HEIGHT="85">
            <Shape><Polygon POINTS="85 689 96 695 97 695 98 695 132 689 134 680 135 680 147 672 136 616 123 610 122 610 121 610 120 610 119 610 97 629 85 629 85 672"/></Shape>
            <String CONTENT="S"
                    HPOS="85"
                    VPOS="610"
                    WIDTH="62"
                    HEIGHT="85"
                    WC="0.9984052777290344"></String>
          </TextLine>
        </TextBlock>
        <TextBlock HPOS="60"
                   VPOS="109"
                   WIDTH="686"
                   HEIGHT="986"
                   ID="eSc_textblock_94c5bc36"
                   TAGREFS="BT12">
          <Shape><Polygon POINTS="72 113 60 1095 746 1080 734 109"/></Shape>
          <TextLine ID="eSc_line_189f6e0b"
                    TAGREFS="LT8"
                    BASELINE="94 137 618 139" 
                    HPOS="93"
                    VPOS="103"
                    WIDTH="525"
                    HEIGHT="48">
            <Shape><Polygon POINTS="94 137 93 147 202 149 203 149 237 146 241 149 242 149 243 149 308 150 308 150 329 147 336 150 336 150 337 151 400 151 400 150 442 147 486 147 491 151 491 151 492 151 493 151 527 147 535 151 536 151 537 151 537 151 538 151 543 147 581 147 606 151 607 151 608 151 618 147 618 139 618 114 556 114 543 105 543 105 542 105 474 105 474 105 473 105 454 111 444 104 443 104 442 104 422 104 421 104 400 106 399 106 398 106 388 113 328 113 309 105 308 105 308 105 263 108 256 103 255 103 254 103 254 103 225 106 225 106 224 106 218 110 213 107 212 107 212 107 211 107 210 107 210 107 203 112 160 112 148 105 147 105 147 105 146 105 145 105 145 105 137 111 123 107 122 107 122 107 121 107 112 110 108 106 107 106 107 106 106 106 94 107 94 137"/></Shape>
            <String CONTENT="Ia-ia voulant ſur mon chef ſe lancer."
                    HPOS="93"
                    VPOS="103"
                    WIDTH="525"
                    HEIGHT="48"
                    ></String>
          </TextLine>
          <TextLine ID="eSc_line_5a7a5755"
                    TAGREFS="LT8"
                    BASELINE="92 179 377 176 584 177 673 180" 
                    HPOS="91"
                    VPOS="148"
                    WIDTH="582"
                    HEIGHT="46">
            <Shape><Polygon POINTS="92 179 92 187 111 187 122 193 123 193 124 193 124 194 140 194 140 193 141 193 156 187 200 193 201 194 225 194 225 193 225 193 242 187 252 191 252 191 253 191 254 191 254 191 262 187 283 191 284 191 285 191 297 187 307 191 308 191 308 191 358 187 380 193 380 193 381 193 424 187 437 190 438 190 438 190 439 190 447 186 468 190 469 190 511 186 535 193 535 193 536 193 581 193 581 193 582 193 593 187 610 193 611 193 612 193 635 193 635 193 635 193 651 187 672 192 673 180 673 153 613 149 612 149 585 152 579 149 579 149 578 149 578 149 577 149 566 152 561 148 560 148 560 148 535 148 535 148 534 148 520 153 499 149 498 149 497 149 480 153 465 148 465 148 416 148 415 148 361 154 331 149 330 149 329 149 313 154 221 151 220 151 220 151 208 154 182 150 181 150 181 150 168 154 135 154 128 149 127 149 126 149 126 149 91 149 92 179"/></Shape>
            <String CONTENT="Ha, ma poure ame ou dois-tu te ranger,"
                    HPOS="91"
                    VPOS="148"
                    WIDTH="582"
                    HEIGHT="46"
                    WC="0.9938146095526846"></String>
          </TextLine>
          <TextLine ID="eSc_line_85dc01d4"
                    TAGREFS="LT8"
                    BASELINE="94 218 189 216 569 215" 
                    HPOS="93"
                    VPOS="185"
                    WIDTH="476"
                    HEIGHT="46">
            <Shape><Polygon POINTS="94 218 94 226 110 231 111 231 111 231 112 231 123 225 143 230 144 230 145 230 145 230 151 225 158 228 159 228 160 228 197 225 230 229 231 229 231 229 241 225 260 225 274 231 275 231 275 231 276 231 289 225 300 228 300 228 301 228 321 224 350 229 350 229 351 229 361 224 389 224 403 231 403 231 404 231 405 231 414 226 439 229 440 229 440 229 449 225 459 231 459 231 460 231 461 231 498 231 498 231 541 230 541 230 555 225 567 230 569 215 568 189 528 185 528 185 527 185 511 192 502 189 501 189 501 189 483 193 460 186 459 186 459 186 458 186 457 186 449 193 438 193 429 186 428 186 428 186 392 186 392 186 391 186 390 186 379 193 352 193 342 186 342 186 341 186 296 186 295 186 264 194 239 194 227 188 227 188 226 188 225 188 225 188 218 194 122 194 107 187 107 187 106 187 105 187 93 193 94 218"/></Shape>
            <String CONTENT="Pour euiter ceſt horrible danger?"
                    HPOS="93"
                    VPOS="185"
                    WIDTH="476"
                    HEIGHT="46"
                    WC="0.989026376695344"></String>
          </TextLine>
          <TextLine ID="eSc_line_c7395257"
                    TAGREFS="LT8"
                    BASELINE="96 255 585 255" 
                    HPOS="96"
                    VPOS="225"
                    WIDTH="489"
                    HEIGHT="46">
            <Shape><Polygon POINTS="96 255 96 264 123 271 124 271 152 271 152 271 153 271 176 264 327 271 327 271 328 271 342 264 358 271 359 271 359 271 389 264 412 269 413 269 413 269 414 269 421 264 463 271 464 271 465 271 465 271 475 265 480 267 480 267 481 267 482 267 495 264 561 271 562 271 562 271 563 271 574 264 585 264 585 255 585 229 545 225 544 225 543 225 543 225 532 232 512 229 511 229 495 232 484 226 484 226 483 226 456 232 427 225 426 225 390 232 381 225 380 225 380 225 342 225 341 225 340 225 325 233 295 233 264 225 264 225 263 225 246 232 224 227 223 227 223 227 222 227 222 228 217 233 206 233 196 225 195 225 195 225 178 225 178 225 177 225 162 233 132 233 109 225 108 225 107 225 107 225 96 231 96 255"/></Shape>
            <String CONTENT="Que feras-tu? qui ſera ton refuge?"
                    HPOS="96"
                    VPOS="225"
                    WIDTH="489"
                    HEIGHT="46"
                    WC="0.9893745552091038"></String>
          </TextLine>
          <TextLine ID="eSc_line_62c7d9c9"
                    TAGREFS="LT8"
                    BASELINE="93 297 227 294 718 295" 
                    HPOS="93"
                    VPOS="265"
                    WIDTH="625"
                    HEIGHT="44">
            <Shape><Polygon POINTS="717 286 712 272 703 273 679 265 678 265 620 265 619 265 618 265 606 271 589 265 589 265 588 265 587 265 569 273 551 273 537 265 537 265 536 265 524 265 523 265 522 265 501 273 466 269 465 269 465 269 451 273 365 273 345 266 344 266 344 266 343 266 324 272 308 267 307 267 306 267 283 273 268 267 267 267 267 267 239 273 213 265 212 265 212 265 211 265 179 273 141 269 141 269 140 269 129 273 112 265 111 265 111 265 93 265 93 297 93 304 110 308 111 309 153 309 153 308 153 308 166 304 212 304 218 308 219 308 220 308 220 308 298 304 360 308 361 309 467 309 467 308 488 304 509 308 509 308 528 304 717 306 718 295 717 279 717 286"/></Shape>
            <String CONTENT="Pren cœur, pren cœur, ia craindre ne te faut:"
                    HPOS="93"
                    VPOS="265"
                    WIDTH="625"
                    HEIGHT="44"
                    WC="0.9911988192134433"></String>
          </TextLine>
          <TextLine ID="eSc_line_36ecfe33"
                    TAGREFS="LT8"
                    BASELINE="94 336 195 334 697 335" 
                    HPOS="93"
                    VPOS="303"
                    WIDTH="604"
                    HEIGHT="46">
            <Shape><Polygon POINTS="94 336 93 344 167 348 168 348 168 348 187 342 226 342 235 348 235 348 236 348 237 348 254 345 260 349 260 349 261 349 262 349 303 346 368 349 369 349 369 349 388 343 420 349 421 349 421 349 439 343 467 349 467 349 468 349 468 349 478 343 540 348 541 348 541 348 556 343 625 343 652 349 652 349 653 349 664 344 685 348 686 348 687 348 696 344 697 335 696 309 667 309 656 305 656 305 655 305 654 305 643 309 629 304 628 304 627 304 597 307 563 304 562 304 562 304 551 309 520 309 509 304 509 304 508 304 474 307 465 305 465 305 464 305 463 305 453 309 407 304 406 304 371 309 325 309 317 304 316 304 315 304 293 304 292 304 292 304 275 309 249 304 248 304 230 307 202 303 201 303 200 303 184 308 153 304 153 304 152 304 151 304 147 307 112 303 112 303 94 305 94 336"/></Shape>
            <String CONTENT="Regarde Chriſt, qui ſe monſtre d’enhaut,"
                    HPOS="93"
                    VPOS="303"
                    WIDTH="604"
                    HEIGHT="46"
                    WC="0.9935680657625199"></String>
          </TextLine>
          <TextLine ID="eSc_line_45828266"
                    TAGREFS="LT8"
                    BASELINE="97 376 639 372" 
                    HPOS="96"
                    VPOS="341"
                    WIDTH="543"
                    HEIGHT="48">
            <Shape><Polygon POINTS="97 376 97 386 107 384 129 388 130 388 130 388 131 388 137 384 153 387 153 387 187 384 216 387 216 387 239 383 269 389 270 389 271 389 289 382 345 388 346 388 384 384 412 388 413 388 413 388 414 388 420 383 438 388 438 388 439 388 440 388 460 381 470 386 470 386 471 386 518 381 539 387 540 387 541 387 541 387 557 380 570 386 571 386 572 386 639 382 639 372 637 344 600 348 579 341 578 341 551 341 551 341 550 341 549 341 537 348 511 348 505 344 504 344 503 344 503 344 502 344 490 348 472 342 472 342 471 342 431 349 394 342 394 342 393 342 392 342 382 350 324 350 312 344 311 344 311 344 310 344 289 350 280 345 279 345 279 345 258 348 191 344 190 344 189 344 171 351 147 351 126 344 126 344 125 344 96 346 97 376"/></Shape>
            <String CONTENT="Ton aduocat &amp; ton frere &amp; ton iuge."
                    HPOS="96"
                    VPOS="341"
                    WIDTH="543"
                    HEIGHT="48"
                    WC="0.9836434858185904"></String>
          </TextLine>
          <TextLine ID="eSc_line_58cb395d"
                    TAGREFS="LT8"
                    BASELINE="95 451 715 449" 
                    HPOS="95"
                    VPOS="415"
                    WIDTH="620"
                    HEIGHT="50">
            <Shape><Polygon POINTS="95 459 130 463 131 463 132 463 141 459 179 459 212 464 213 465 260 465 260 464 277 459 318 462 319 462 329 459 361 459 371 462 372 462 373 462 381 459 392 464 393 464 421 464 422 464 434 459 442 462 443 462 444 462 455 459 518 459 526 463 527 463 578 458 593 458 605 463 606 463 648 459 715 461 715 449 715 424 687 415 686 415 685 415 663 423 634 418 633 418 622 424 601 424 572 415 571 415 570 415 569 415 563 418 496 416 495 416 466 424 395 424 376 416 375 416 341 420 321 416 320 416 319 416 300 425 245 425 232 416 231 416 209 416 208 416 195 422 175 416 174 416 158 416 157 416 147 422 135 416 134 416 95 420 95 451"/></Shape>
            <String CONTENT="Rend louãges a Dieu des graces a luy faites. Exhor"
                    HPOS="95"
                    VPOS="415"
                    WIDTH="620"
                    HEIGHT="50"
                    ></String>
          </TextLine>
          <TextLine ID="eSc_line_916f5ec7"
                    TAGREFS="LT8"
                    BASELINE="130 490 712 490" 
                    HPOS="130"
                    VPOS="460"
                    WIDTH="582"
                    HEIGHT="45">
            <Shape><Polygon POINTS="130 499 179 499 193 504 194 505 223 505 223 504 241 499 338 503 339 503 356 499 365 504 366 504 367 505 394 505 394 504 395 504 403 499 416 503 417 503 449 499 465 503 466 503 467 503 486 501 493 504 494 504 495 505 546 505 546 504 547 504 560 499 620 502 621 502 637 499 650 503 651 503 652 503 688 500 712 504 712 490 712 460 684 466 673 466 663 460 662 460 661 460 583 466 556 460 555 460 542 466 528 460 461 460 460 460 459 460 450 466 439 461 438 461 437 461 428 466 402 466 393 460 392 460 391 460 390 460 380 466 367 466 347 460 346 460 345 460 344 460 338 464 331 461 330 461 329 461 319 466 296 466 287 460 286 460 285 460 267 460 266 460 250 466 185 466 172 460 171 460 170 460 169 460 158 466 130 466 130 490"/></Shape>
            <String CONTENT="te les gens des trois eſtats a laiſſer leur mauuai"
                    HPOS="130"
                    VPOS="460"
                    WIDTH="582"
                    HEIGHT="45"
                    WC="0.9696026527881623"></String>
          </TextLine>
          <TextLine ID="eSc_line_023a3e5f"
                    TAGREFS="LT8"
                    BASELINE="132 531 614 527" 
                    HPOS="132"
                    VPOS="498"
                    WIDTH="482"
                    HEIGHT="49">
            <Shape><Polygon POINTS="132 545 139 546 140 546 141 546 149 540 170 540 178 546 179 546 179 547 220 547 220 546 233 540 245 546 246 546 246 547 279 547 279 546 280 546 281 546 289 540 313 543 314 543 315 543 321 539 340 541 341 541 382 538 419 539 437 545 438 545 498 544 499 544 509 538 530 543 531 543 553 537 571 542 572 542 614 535 614 527 612 504 587 504 576 499 575 499 574 499 566 503 557 498 556 498 528 504 484 504 472 499 471 499 470 499 442 504 359 502 331 505 325 500 324 500 323 500 304 500 303 500 293 505 267 501 266 501 258 504 227 502 226 502 211 506 199 501 143 501 142 501 132 506 132 531"/></Shape>
            <String CONTENT="ſe vie, &amp; ſeruir a Dieu en pure verite."
                    HPOS="132"
                    VPOS="498"
                    WIDTH="482"
                    HEIGHT="49"
                    WC="0.9726840746708405"></String>
          </TextLine>
          <TextLine ID="eSc_line_7300f28d"
                    TAGREFS="LT10"
                    BASELINE="95 588 710 586" 
                    HPOS="94"
                    VPOS="553"
                    WIDTH="616"
                    HEIGHT="65">
            <Shape><Polygon POINTS="96 605 101 602 263 602 295 611 296 611 297 611 323 601 363 617 364 617 365 618 378 618 378 617 379 617 400 606 421 617 422 617 528 617 545 610 556 614 557 614 558 614 566 610 588 615 589 615 618 609 666 617 709 616 710 586 706 556 700 560 669 555 668 555 656 561 635 561 622 555 587 554 586 554 585 554 574 561 474 561 458 555 457 555 456 555 434 562 404 562 373 553 372 553 338 558 326 553 325 553 300 553 299 553 265 554 264 554 252 560 225 554 158 554 157 554 141 562 124 562 106 554 105 554 104 554 94 558 95 588"/></Shape>
            <String CONTENT="Sur le chant, Si de bon cœur vous aime. &amp;c."
                    HPOS="94"
                    VPOS="553"
                    WIDTH="616"
                    HEIGHT="65"
                    ></String>
          </TextLine>
          <TextLine ID="eSc_line_1f0ce357"
                    TAGREFS="LT8"
                    BASELINE="147 646 496 646" 
                    HPOS="146"
                    VPOS="615"
                    WIDTH="349"
                    HEIGHT="45">
            <Shape><Polygon POINTS="146 645 146 656 181 656 186 659 186 660 187 660 188 660 189 660 213 656 299 656 311 660 312 660 313 660 314 660 326 656 380 660 381 660 452 656 494 660 495 645 494 615 146 615 146 645"/></Shape>
            <String CONTENT="I de bon cœur ne t’ayme,"
                    HPOS="146"
                    VPOS="615"
                    WIDTH="349"
                    HEIGHT="45"
                    ></String>
          </TextLine>
          <TextLine ID="eSc_line_b6a0b504"
                    TAGREFS="LT8"
                    BASELINE="134 682 579 685" 
                    HPOS="133"
                    VPOS="653"
                    WIDTH="446"
                    HEIGHT="50">
            <Shape><Polygon POINTS="574 659 568 657 536 661 523 655 522 655 493 655 492 655 491 655 491 655 487 659 476 656 475 656 474 656 474 656 456 661 424 658 424 658 423 658 414 661 394 656 393 656 392 656 392 656 391 656 384 662 357 662 342 656 342 656 341 656 250 661 238 653 237 653 237 653 236 653 187 659 174 653 173 653 172 653 134 654 134 682 133 693 147 698 147 698 148 698 166 694 231 694 244 702 245 702 245 702 246 703 287 703 287 702 288 702 289 702 289 701 296 695 310 698 310 698 311 698 311 698 324 695 334 701 334 701 335 701 336 701 336 701 356 695 361 700 361 700 361 700 362 700 363 700 378 699 384 703 384 703 385 703 386 703 405 703 405 703 406 703 407 703 412 699 417 703 417 703 418 703 419 703 451 700 487 703 488 703 488 703 504 698 511 701 512 701 512 701 546 698 551 701 551 701 552 701 553 701 553 701 566 696 578 701 579 685 578 659 574 659"/></Shape>
            <String CONTENT="Mon Seigneur i’ay grand tort:"
                    HPOS="133"
                    VPOS="653"
                    WIDTH="446"
                    HEIGHT="50"
                    WC="0.9813575929608839"></String>
          </TextLine>
          <TextLine ID="eSc_line_3b38c282"
                    TAGREFS="LT8"
                    BASELINE="99 724 476 722" 
                    HPOS="99"
                    VPOS="693"
                    WIDTH="377"
                    HEIGHT="41">
            <Shape><Polygon POINTS="99 724 99 730 286 734 287 734 287 734 299 731 349 734 350 734 350 734 351 734 351 733 355 730 366 733 367 733 367 733 384 730 394 734 395 734 396 734 466 734 466 734 467 734 476 730 476 722 474 696 463 700 413 697 412 697 388 700 361 693 360 693 359 693 322 699 291 693 290 693 290 693 289 693 289 694 281 701 258 701 218 694 217 694 216 694 216 694 206 701 197 701 191 695 191 694 190 694 189 694 189 694 188 694 178 700 159 694 158 694 158 694 157 694 146 700 131 694 130 694 130 694 99 694 99 724"/></Shape>
            <String CONTENT="Tu t’es donné toy-meſme"
                    HPOS="99"
                    VPOS="693"
                    WIDTH="377"
                    HEIGHT="41"
                    WC="0.9873103350400925"></String>
          </TextLine>
          <TextLine ID="eSc_line_73d406e9"
                    TAGREFS="LT8"
                    BASELINE="98 763 470 762" 
                    HPOS="97"
                    VPOS="732"
                    WIDTH="373"
                    HEIGHT="45">
            <Shape><Polygon POINTS="98 763 99 777 106 772 132 772 143 772 148 776 148 776 149 776 149 776 150 776 178 772 220 772 229 776 229 776 230 777 257 777 257 776 258 776 258 776 258 776 262 773 266 776 267 776 267 776 268 776 269 776 284 771 342 775 342 775 343 775 352 772 358 776 359 776 359 776 360 776 361 776 377 771 385 775 386 775 386 775 387 775 399 771 408 775 409 775 409 775 469 773 470 762 468 738 438 733 438 733 437 733 426 738 379 738 373 732 373 732 372 732 371 732 347 732 346 732 346 732 345 732 345 732 339 738 326 738 310 732 310 732 292 732 291 732 290 732 290 732 281 738 266 734 266 734 265 734 264 734 264 734 258 738 223 738 220 734 220 734 220 734 219 734 218 734 218 734 208 738 170 734 170 734 132 738 125 732 124 732 124 732 97 732 98 763"/></Shape>
            <String CONTENT="Pour me garder de mort:"
                    HPOS="97"
                    VPOS="732"
                    WIDTH="373"
                    HEIGHT="45"
                    WC="0.975434844908507"></String>
          </TextLine>
          <TextLine ID="eSc_line_f0db16a4"
                    TAGREFS="LT8"
                    BASELINE="97 804 180 801 368 803" 
                    HPOS="97"
                    VPOS="772"
                    WIDTH="271"
                    HEIGHT="44">
            <Shape><Polygon POINTS="97 804 97 809 117 813 118 813 118 813 119 813 124 809 147 809 157 815 158 815 158 815 159 815 160 815 160 814 165 810 184 814 185 814 185 814 186 814 190 810 204 815 205 815 206 815 227 810 238 815 239 815 239 815 240 815 241 815 248 809 292 809 317 814 318 814 319 814 332 809 339 815 340 815 340 815 341 816 367 816 368 803 367 776 340 772 340 772 339 772 327 776 317 772 317 772 316 772 315 772 315 772 304 778 295 772 294 772 294 772 276 772 275 772 246 778 153 778 146 774 145 774 145 774 144 774 143 774 133 778 111 772 111 772 110 772 109 772 97 778 97 804"/></Shape>
            <String CONTENT="Satan m’auoit tué,"
                    HPOS="97"
                    VPOS="772"
                    WIDTH="271"
                    HEIGHT="44"
                    WC="0.9671967813843175"></String>
          </TextLine>
          <TextLine ID="eSc_line_4eece63c"
                    TAGREFS="LT8"
                    BASELINE="99 842 348 841" 
                    HPOS="99"
                    VPOS="808"
                    WIDTH="249"
                    HEIGHT="44">
            <Shape><Polygon POINTS="99 842 99 852 347 851 348 841 347 814 327 808 326 808 325 808 325 808 311 811 308 808 307 808 306 808 262 808 262 808 261 808 260 808 260 809 254 814 218 814 206 810 205 810 204 810 204 810 203 810 203 811 200 813 188 809 187 809 187 809 170 809 169 809 168 809 160 814 139 811 138 811 137 811 129 814 120 810 120 810 119 810 99 813 99 842"/></Shape>
            <String CONTENT="Tu m’as reſtitué,"
                    HPOS="99"
                    VPOS="808"
                    WIDTH="249"
                    HEIGHT="44"
                    WC="0.9711208641529083"></String>
          </TextLine>
          <TextLine ID="eSc_line_65aeb3ed"
                    TAGREFS="LT8"
                    BASELINE="99 881 428 879" 
                    HPOS="98"
                    VPOS="849"
                    WIDTH="330"
                    HEIGHT="47">
            <Shape><Polygon POINTS="424 854 384 855 379 852 378 852 378 852 377 852 377 852 376 852 370 856 322 856 318 853 317 853 317 853 316 853 315 853 304 856 298 852 298 852 297 852 296 852 276 854 264 849 263 849 262 849 262 849 245 854 238 849 237 849 237 849 212 849 211 849 210 849 179 857 162 850 162 850 143 850 143 850 142 850 141 850 136 854 128 850 128 850 127 850 98 850 99 881 99 889 141 895 141 895 142 895 143 895 149 890 191 895 192 895 193 895 193 895 193 894 199 889 206 893 207 893 208 893 235 889 246 896 247 896 248 896 248 896 278 895 279 895 279 895 285 891 291 895 292 895 292 895 293 895 311 892 319 895 320 895 321 895 321 895 329 891 343 893 344 893 344 893 345 893 353 888 369 893 370 893 371 893 401 891 413 895 413 895 414 895 415 895 428 889 428 879 426 855 424 854"/></Shape>
            <String CONTENT="Par ton ſang precieux:"
                    HPOS="98"
                    VPOS="849"
                    WIDTH="330"
                    HEIGHT="47"
                    WC="0.9575427580963481"></String>
          </TextLine>
          <TextLine ID="eSc_line_6c94b287"
                    TAGREFS="LT8"
                    BASELINE="101 918 424 919" 
                    HPOS="101"
                    VPOS="886"
                    WIDTH="323"
                    HEIGHT="47">
            <Shape><Polygon POINTS="101 918 101 929 155 932 156 932 156 932 173 927 179 932 179 932 180 932 181 933 200 933 200 932 226 927 244 932 245 932 245 932 271 927 280 932 281 932 281 932 282 932 283 932 289 927 292 931 293 931 294 931 294 931 319 927 348 933 348 933 349 933 370 927 385 932 386 932 423 933 424 919 424 894 396 887 347 887 346 887 346 887 345 887 334 894 299 894 284 887 283 887 283 887 282 887 281 887 273 894 264 894 250 893 244 887 244 887 243 887 243 887 242 887 216 893 175 892 168 887 167 887 166 887 166 887 165 887 146 891 101 886 101 918"/></Shape>
            <String CONTENT="Qui ces choſes oublie,"
                    HPOS="101"
                    VPOS="886"
                    WIDTH="323"
                    HEIGHT="47"
                    WC="0.9557410072196614"></String>
          </TextLine>
          <TextLine ID="eSc_line_ddbde9da"
                    TAGREFS="LT8"
                    BASELINE="101 958 371 956" 
                    HPOS="101"
                    VPOS="925"
                    WIDTH="270"
                    HEIGHT="46">
            <Shape><Polygon POINTS="101 958 101 967 174 965 189 971 189 971 190 971 191 971 191 971 200 964 209 964 220 971 220 971 221 971 222 971 237 971 237 971 238 971 239 971 246 964 254 967 254 967 255 967 256 967 263 964 269 970 269 971 270 971 271 971 271 971 280 971 280 971 281 971 298 964 306 970 307 970 308 970 308 971 344 971 344 970 344 970 345 970 354 963 369 967 371 956 370 934 355 929 354 929 354 929 317 933 295 925 294 925 294 925 266 926 265 926 241 934 204 933 196 928 195 928 195 928 194 928 175 931 170 927 169 927 168 927 168 927 136 934 128 927 127 927 126 927 126 927 101 930 101 958"/></Shape>
            <String CONTENT="Il eſt trop vicieux."
                    HPOS="101"
                    VPOS="925"
                    WIDTH="270"
                    HEIGHT="46"
                    WC="0.9539781719446182"></String>
          </TextLine>
          <TextLine ID="eSc_line_f0dfeba8"
                    TAGREFS="LT8"
                    BASELINE="133 995 525 999" 
                    HPOS="133"
                    VPOS="965"
                    WIDTH="392"
                    HEIGHT="48">
            <Shape><Polygon POINTS="521 977 514 975 508 973 507 973 507 973 501 972 495 971 491 970 490 973 468 973 425 967 424 967 383 972 366 971 361 967 361 966 361 966 360 966 359 966 307 970 296 965 295 965 294 965 294 965 293 965 293 966 287 971 265 965 264 965 253 965 252 965 252 965 251 965 251 965 245 971 223 971 218 965 218 965 217 965 216 965 204 965 203 965 202 965 202 965 202 965 196 970 177 966 176 966 176 966 175 966 170 970 158 965 157 965 156 965 133 967 133 995 133 1007 148 1005 158 1009 158 1009 159 1009 160 1009 171 1005 187 1009 188 1009 189 1009 189 1009 199 1005 226 1006 232 1011 233 1011 233 1011 234 1011 235 1011 253 1006 258 1009 258 1010 259 1010 260 1010 260 1010 283 1007 287 1011 287 1011 288 1011 289 1011 289 1011 290 1011 310 1006 323 1006 334 1012 334 1012 335 1012 336 1012 336 1012 337 1012 346 1007 394 1013 395 1013 396 1013 413 1007 424 1013 424 1013 495 1013 495 1013 496 1013 497 1013 505 1008 515 1013 516 1013 516 1013 524 1011 525 999 525 977 521 977"/></Shape>
            <String CONTENT="Cerchons de Dieu la grace,"
                    HPOS="133"
                    VPOS="965"
                    WIDTH="392"
                    HEIGHT="48"
                    WC="0.9949826896190643"></String>
          </TextLine>
          <TextLine ID="eSc_line_350c4a93"
                    TAGREFS="LT8"
                    BASELINE="103 1032 497 1036" 
                    HPOS="102"
                    VPOS="1004"
                    WIDTH="395"
                    HEIGHT="45">
            <Shape><Polygon POINTS="103 1032 102 1044 164 1042 169 1046 169 1046 170 1046 170 1046 171 1046 172 1046 181 1042 199 1047 199 1047 200 1047 233 1043 239 1046 240 1046 241 1046 241 1046 251 1042 254 1046 255 1046 256 1046 256 1046 281 1043 300 1048 301 1048 302 1048 324 1044 326 1047 327 1047 327 1048 327 1048 328 1048 356 1048 357 1048 357 1048 373 1044 391 1048 392 1048 392 1048 393 1048 397 1045 426 1048 426 1048 427 1048 428 1048 434 1044 467 1044 473 1049 474 1049 474 1049 475 1049 496 1046 497 1036 497 1013 463 1009 462 1009 442 1012 434 1008 434 1008 433 1008 432 1008 421 1011 417 1007 417 1007 416 1007 415 1007 415 1007 390 1011 350 1008 350 1008 349 1008 340 1011 337 1008 337 1007 336 1007 336 1007 335 1007 234 1010 218 1010 210 1005 210 1005 209 1005 190 1005 189 1005 189 1005 188 1005 188 1006 183 1009 178 1006 178 1006 177 1006 176 1006 146 1009 139 1004 138 1004 137 1004 103 1004 103 1032"/></Shape>
            <String CONTENT="Tout d’vn cœur pur &amp; net,"
                    HPOS="102"
                    VPOS="1004"
                    WIDTH="395"
                    HEIGHT="45"
                    WC="0.9858194947242737"></String>
          </TextLine>
          <TextLine ID="eSc_line_43da73e6"
                    TAGREFS="LT8"
                    BASELINE="108 1071 419 1076" 
                    HPOS="107"
                    VPOS="1040"
                    WIDTH="312"
                    HEIGHT="62">
            <Shape><Polygon POINTS="108 1071 107 1096 164 1097 165 1097 166 1097 196 1088 218 1098 219 1098 246 1099 247 1099 248 1099 248 1099 264 1088 273 1092 274 1092 275 1092 324 1090 329 1094 329 1094 330 1094 331 1094 331 1094 350 1091 362 1095 363 1095 363 1095 394 1091 405 1101 405 1101 405 1101 406 1101 407 1102 419 1102 419 1076 419 1052 399 1047 398 1047 377 1050 371 1045 371 1044 370 1044 369 1044 369 1044 341 1050 325 1047 324 1047 303 1050 285 1048 280 1044 280 1043 279 1043 279 1043 278 1043 277 1043 253 1050 225 1050 197 1049 187 1041 186 1041 185 1041 151 1041 150 1041 149 1041 141 1046 128 1040 127 1040 126 1040 108 1040 108 1071"/></Shape>
            <String CONTENT="Qui les pechez efface,"
                    HPOS="107"
                    VPOS="1040"
                    WIDTH="312"
                    HEIGHT="62"
                    ></String>
          </TextLine>
        </TextBlock>
      </PrintSpace>
    </Page>
  </Layout>
</alto>
