806 1184
667 60 54 91 109

207 55 345 46 SPIRITVELLES.

103 98 474 51 Et qui ne treuue en ſoy nul bien,

104 141 531 48 Mon Dieu c’eſt toy que ie ſermonne.

149 182 384 44 Tu me regis en ta paſture,

109 219 457 45 Tellement que rien ne me faut:

107 256 559 53 Sans ton ſainct pain mon cœur deffaut,

107 297 509 46 De m’en donner prens donc la cure.

148 336 443 50 Tu me nourris en ton herbage,

106 372 435 49 Par ta parolle & ſainct Eſcrit:

105 413 433 50 Sire, donne moy donc l’Eſprit

104 452 405 50 De la gouſter en ce voyage.

142 492 390 51 Helas tu es guide propice,

105 532 443 46 Pour me mener droit en Sion,

109 571 399 47 Tu es la vigne & moy Sion,

105 609 385 46 Ie ſuis peché, & toy iuſtice.

145 647 478 52 S’il aduient que Satan m’enuerſe,

109 689 437 46 Tu me reçois entre tes mains:

107 728 494 48 Et me ſouſtiens, Roy des humains:

107 770 430 44 D’eſprit auec toy ie conuerſe.

143 807 448 49 Ie ſuis fait fort par ta doctrine,

107 849 452 44 Par ta parolle & ſainct ſermon:

106 886 405 46 De ma deffenſe es le baſton,

106 925 406 49 Pour me tenir en diſcipline.

134 965 448 46 Deuant moy tu as mis la table,

106 1003 407 49 De tes diuins enſeignemens,

111 1043 471 65 Qui ſont certes grans ſacremens,
