793 1183
659 43 44 60 111

226 44 333 53 SPIRITVELLES.

92 92 374 49 Le Fils de luy qui eſt venu

90 136 365 44 Icy, eſt noſtre protecteur,

91 174 452 45 Noſtre aduocat, noſtre recteur,

90 212 464 47 Gouuernant tout par ſa parolle,

90 251 407 44 Renouuellant auſſi le cœur:

92 288 456 49 Dont il m’eſt aduis que ie volle.

128 329 442 46 Il eſt venu, mais en temps deu:

88 366 436 47 Et ſ’eſt monſtré eſtre ſauueur,

90 404 436 48 Car ſon Pere auoit l’arc tendu

90 446 411 46 Pour nous tuer en ſa fureur:

91 483 434 50 Chriſt fut de paix mediateur,

91 523 409 49 Comme l’Eſcriture recolle,

88 562 501 49 Lequel ſouffrit pour nous douleur.

88 603 467 47 Dont il m’eſt aduis que ie volle.

132 642 455 50 Pour nous ſon ſang a reſpandu,

91 682 513 46 En la croix comme vn malfaicteur,

87 722 402 45 Et tout le cas bien entendu,

90 761 394 48 A ſatiſfait pour le pecheur,

92 799 494 51 Tellement qu’il n’eſt plus debteux,

90 838 312 45 Car il a effacé le rolle,

90 876 351 47 Et l’obligé du crediteur,

90 917 441 48 Dont il m’eſt auis que ie volle.

131 958 403 44 Par foy Satan eſt confondu,

95 998 471 47 Non point pour eſtre operateur.

93 1037 381 60 Paradis ne nous eſt vendu,
