803 1178
88 57 59 41 112

275 44 243 48 CHANSONS

87 88 457 55 Mais eſt donné par le Seigneur.

89 132 374 50 La foy te fait obſeruateur

90 168 459 51 Des mandemens de ſon eſchole,

91 209 434 50 Ou enſeigne le vray Docteur,

93 246 458 53 Dont il m’eſt aduis que ie volle.

136 283 482 56 Tout bien de Chriſt eſt deſcendu,

93 325 410 55 Il eſt de tout bien largiteur,

98 367 462 50 Pour nous en croix il fut pendu,

96 406 459 50 Ce que ne fut iamais preſcheur,

100 442 490 50 Ne ſainct Martyr, ne Confeſſeur,

101 481 507 52 C’eſt Ieſus Chriſt qui nous conſole,

99 519 463 54 Dont il m’eſt aduis que ie volle.

101 593 625 61 Exhorte à lire la S. Eſcriture, puis reiette les fol¬

142 640 371 51 les ſuperſtitions des idolatres.

141 711 595 59 Sur le chant, Quand parti de Riuolte, auſ

106 755 581 57 ſi ſur le chant de Gentil fleur de nobleſſe.

174 834 289 54 Vi veut auoir lieſſe,

193 877 255 45 Et auec Dieu part,

112 912 417 53 Aux ſaincts Eſcrtis ſ'addreſſe

115 955 386 49 Deſquels tout bien depart:

113 993 377 48 D’iceux la grand' richeſſe,

118 1036 336 52 Peut chacun contenter.

113 848 71 75 Q
