802 1186
88 41 47 65 10

216 86 354 58 Le ſixieſme commandement.

129 140 448 52 Tu ne ſeras homicide de corps

85 182 616 53 Ne de ton cœur, par hayne ou faulſe enuie.

87 224 516 48 Aux ennemys feras paix & accords,

89 262 549 49 Priant pour eux tant que ſeras en vie.

85 301 581 51 Rendz bien pour mal a tous par charité,

86 340 578 53 Souffrant iniure au temps d’aduerſité:

86 379 256 46 Laiſſe vengeance

89 419 227 46 A ſa puiſſance,

87 461 247 46 Par ordonnance,

85 497 440 43 Elle te doibt raiſon & droict:

86 533 298 50 De grand ſouffrance

90 577 225 44 Vient patience,

88 614 196 46 Et eſperance,

91 651 466 52 Qui ne confond en nul endroict.

211 724 364 58 Le ſeptieme commandement.

134 790 444 52 Tu ne ſeras iamais fornicateur,

91 828 546 54 Par œuure ou dict, ou par vile penſee

90 869 536 52 Mais marier te fault, c’eſt le plus ſeur,

94 910 562 50 Contre la chair bien nourrie & penſee:

98 948 516 48 Peu de gens ont le don de chaſteté:

93 985 532 57 Mais mariage eſt plein d’honneſtete.

96 1025 199 56 Concubinage

254 44 240 45 CHANSONS
