803 1181
72 69 49 55 123

285 59 254 50 CHANSONS

67 302 61 87 Q

282 106 200 45 Autre chanſon.

68 181 631 53 L’homme preſſé d’affliclions doit auoir ſon recours

105 228 111 42 à Dieu.

137 299 562 54 Vand quelque ennuy, quelque detreſſe

139 341 431 49 Se vient à l’homme preſenter,

69 381 495 49 Alors que plus le mal le preſſe,

70 422 469 45 Ou doit il ſon eſpoir planter?

71 460 480 47 O Seigneur de qui l’œil regarde

69 499 506 47 En vn moment mer, terre & cieux,

70 539 432 46 C’eſt toy qui es la ſauuegarde

68 578 463 47 De cil qui dreſſe à toy les yeux.

107 619 487 47 Parquoy quand la machine ronde

72 656 415 46 Toute eſbranſlee iroit abas,

70 694 497 48 De l’air, de la flamme & de l’onde,

71 734 492 45 Renouuellant les vieux debas,

70 774 495 48 Encor, Seigneur, ie qui m’arreſte

74 815 425 45 Sur ta bonté par ferme foy,

76 850 424 50 Vers le ciel hauſſeray la teſte,

72 890 474 50 Sans eſtre eſpris d’aucun effroy.

105 928 441 50 Mon Dieu, ie ſuis ſerf inutile:

74 967 423 48 Si ſuis-ie toutesfois des tiens.

72 1004 399 50 Ma nature eſt de ſoy labile:

71 1042 479 65 Mais forte, quand tu la ſouſtiens.
