814 1187
678 65 42 52 123

208 63 328 49 SPIRITVELLES.

107 386 51 82 Q

95 111 552 48 Soutien la donc, mon Dieu, mon pere,

98 154 475 43 Soutien la donc, car i’ay tel cœur,

103 190 408 46 Que ſoutenu de toy, i’eſpere

98 229 409 48 Eſtre de ſatan le vainqueur.

256 305 201 49 Autre chanſon.

169 382 485 49 Vi maintient les rois & les princes

156 422 406 48 En leurs ſi grans honneurs?

100 461 477 50 Et qui les fait de leurs prouinces

101 502 346 47 Paiſibles gouuerneurs?

148 539 497 51 Qui fait que l’horreur de la guerre

100 579 307 46 De leur pais ſ’enfuit,

102 619 412 45 Et qui fait ſentir à leur terre

100 656 374 50 De la paix le doux fruict?

141 699 514 48 C’eſt Dieu c’eſt Dieu de qui la grace

100 733 331 50 Eſt cauſe de tout bien:

101 776 518 50 Le prince ou le roy (quoy qu’il face)

102 817 324 46 Sans elle ne peut rien.

145 855 455 47 Roy qui par diuine ordonnance

104 892 348 49 Des François es le chef:

108 936 454 45 Veus tu contregarder ta France

104 972 403 44 D’encombre & de meſchef?

110 1012 490 47 Veus-tu que ton ſceptre proſpere,

113 1049 293 61 Et d’vn ordre prefix
