800 1177
71 67 74 44 124

272 62 240 46 CHANSONS

68 104 468 50 Aille coulant des mains du pere

71 145 344 46 Entre les mains du fils.

114 187 485 47 Veus tu que les peuples eſtranges

71 228 381 42 Se viennent rendre à toy,

73 266 506 47 Tant qu’à ton plaiſir tu les ranges,

69 304 311 45 Accoiſez ſous ta loy?

109 342 552 50 Veus-tu que Dieu ton droit ſoutienne,

70 381 359 47 Et vienne a ton ſecours?

69 420 450 48 Fay, qu’en toute la terre tienne

69 460 311 48 Sa parolle aye cours.

109 497 499 49 Chaſſe loing ces auteurs de ſectes,

70 535 356 44 Ces nouueaus antechris

71 575 453 48 Qui de leurs ſentences infectes

69 615 362 48 Embrouillent les eſpris.

106 653 449 51 Heureus le prince qui domine

75 693 359 47 Sur la terre ou n’ha lieu

69 733 397 49 La poiſon de ceſte vermine

71 770 352 50 Tant ennemie à Dieu.

113 812 414 49 O Chriſt, verité vie, & voye,

69 851 305 46 Ne me refuſe point:

70 888 443 49 Fay que deſſous Henri ie voye

69 927 398 79 Noſtre France en tel point.
