814 1187
670 66 54 49 125

209 56 342 48 SPIRITVELLES.

93 183 64 74 D

301 102 200 52 Autre chanſon.

154 180 535 49 Emandés vous en qui ie me conſole

155 219 566 55 Quãd les ennuis viennẽt m’enuirõner?

93 261 548 46 Incontinent tout l’ennui qui m’affolle

89 299 561 47 S’eſcoule hors ne pouuant m’eſtonner.

87 338 513 45 Ie pren ma lyre & la fais reſonner,

87 376 601 46 Puis mon eſprit pour lors à Dieu donner

91 415 600 53 Quelque doux chant de la ſaincte parole,

92 456 572 47 Quitte le cors & iuſqu’au ciel s’en vole.

122 497 544 50 Là contemplant celuy qui tout regiſt,

83 535 579 49 Lui dit, Seigneur en qui mon eſpoir giſt,

86 575 562 48 Qui tes ſeruans en leur beſoing viſites:

86 615 485 45 Grace te rens pour m’auoir viſité

86 654 465 46 Te confeſſant l’auoir fait incité

83 693 551 51 Par ta bonté, & non par mes merites.

311 771 193 49 Autre chanſon.

102 849 413 48 E recognoi, ie crain, i’eſpere:

105 887 615 55 Mon peché, la peine, pardon: bis

86 933 400 41 Car la loy iuſtement ſeuere

84 963 639 56 Promet à tel fait tel guerdon. bis

119 1009 475 46 Mais Ieſus Chriſt, qui en pur don

85 1050 454 59 Promet à tous croyans ſa grace,

81 847 22 79 I
