799 1178
79 60 50 38 26

245 54 238 44 CHANSONS

82 374 47 71 H

76 96 421 49 De mon eſprit la peur efface,

76 136 401 47 Me diſant, Si par ferme foy

81 177 480 46 Tu mets peine a ſuiure ma trace,

81 212 444 57 I’ay gaigné le pardon pour toy

241 292 200 52 Autre chanſon.

130 365 581 51 Auſſe le vol de ma plume hũble & baſ

82 407 577 49 Esprit Diuin qui à chanter m'incites:

81 446 616 51 Tant quevolant des Indes iuſqu’aux Scyth

80 486 544 48 Nouueau ſentier par l’air elle ſe trace.

78 527 516 48 Ie ne quiers pas obtenir ceſte grace

79 566 563 47 Pour de ma gloire eſtendre les limites.

79 605 588 46 Maudit l’auteur & ſes œuures maudites,

86 644 627 49 Qui gloire à ſoy, nõ pas à Dieu pourchaſſe.

81 685 494 46 Le premier but de mes affections,

86 725 523 42 N’eſt que de voir les autres nations,

87 764 628 45 Par mon exemple à Dieu rendre louanges,

85 801 539 44 Si ie ne ſuis facond pour les mouuoir,

90 840 579 44 Qui ſait ſi Dieu monſtrera ſon pouuoir?

88 880 582 57 Fait il pas bien des choſes plus eſtranges?
