816 1187
679 63 58 41 127

175 50 344 50 SPIRITVELLES.

99 260 46 63 S

100 94 643 54 D'endurer patiemment les iniures. Foy deuant les

143 140 599 51 œuures de la Loy. Les œuures ne nous ſauuent

146 177 417 52 point. Il ſe faut fier en Dieu ſeul.

147 245 446 59 I quelque iniure l’on vous dict,

148 293 373 48 Endurez la ioyeuſement:

105 332 435 47 Et ſi chaſcun de vous meſdict,

107 373 444 47 N’y mettez voſtre penſement:

108 410 347 46 Ce n’eſt choſe nouuelle

106 450 413 47 D’ouyr parler ainſi ſouuent.

105 495 398 43 Autant en emporte le vent.

144 530 395 48 Si quelqu’vn parle de la foy

104 569 411 46 En la mettant quaſi à riens,

106 609 415 45 Au pris des œuures de la loy

104 647 506 48 Les eſtimans les plus grands biens:

105 687 361 46 Sa doctrine eſt nouuelle,

106 724 380 47 Laiſſez le là, paſſez auant.

106 767 400 46 Autant en emporte le vent.

145 806 397 47 Et ſi pour voſtre foy gaſter

110 843 512 51 Vous vient louer de voz biensfaicts,

107 882 464 48 En vous diſant pour vous flater:

110 921 539 53 Qu’il vous tient du ranc des parfaicts,

107 960 279 49 Fuyez parole telle,

108 1002 442 47 Qui ameine orgueil deceuant

106 1042 389 53 Autant en emporte le vent.
