800 1183
57 51 54 52 128

198 55 243 44 CHANSONS

95 97 426 47 Si le monde vous vient tenter

58 138 437 49 De richeſſe honneur & plaiſir,

59 180 463 47 Et les vous vient tous preſenter,

65 220 433 47 N’y mettez ny cœur ny deſir:

59 256 318 49 Car choſe temporelle

58 298 421 47 Retourne ou eſtoit parauant:

61 336 407 47 Autant en emporte le vent.

95 375 448 48 Si lon vous dit qu’en autre lieu

60 416 434 46 Lon puiſſe trouuer reconfort,

59 452 476 50 Et vray ſalut qu’en vn ſeul Dieu,

59 493 547 48 C’eſt pour mettre voſtre ame à mort.

59 530 401 49 Monſtrez vous lors rebelle,

60 570 435 49 Et dementez le plus ſcauant.

61 611 407 49 Autant en emporte le vent.

285 686 200 48 Autre chanſon.

109 765 545 49 E fruict de vie eſtoit vif en boys verd:

100 805 597 55 Le fruict de mort en bois mort ſãs racine

67 845 589 48 Par le premier l’huis de mort fut ouuert:

67 885 535 47 Et le ſecond contre mort vie aſsigne.

67 926 612 46 Et neantmoins l’vn ſur l’autre eſt compris,

66 965 524 41 Mort ſus la mort de vie a eu le pris:

72 1001 506 46 Vie ſans fin de mort s’eſt enſuyuie.

72 1041 554 51 Voyla comment au cõtraire on a pris,

61 761 54 73 L
