818 1194
671 47 41 54 131

163 39 339 45 SPIRITVELLES.

87 440 45 82 L

92 89 452 44 Le temps gouuerne & conduit.

92 126 361 46 Seigneur qui de ce ſoleil

93 166 355 46 Fais le rayon nompareil

92 204 446 44 Sur bons & ſur mauuais luire:

92 244 294 44 Illumine noz eſpris

93 285 354 44 Pour au celeſte pourpris

92 323 422 48 Heureuſement les conduire.

300 380 204 51 Autre chanſon.

132 437 583 53 E haut tonnant, ſous qui fremit le mõde,

129 481 557 56 Qui d’vn clin d’œil fait terre & cieux

133 525 168 38 mouuoir,

98 555 599 53 Voit les malins contre moy ſ'eſmouuoir,

95 597 597 50 Et de leur cœurs le plus profond il ſonde,

91 638 603 52 Puis dit ainſi, Quoy que la troupe gronde

92 678 522 46 De ces haineux te voulanr deceuoir,

93 717 618 49 Crains-tu pourtant que mõ diuin pouuoir

94 756 621 47 Tous leurs conſeils ne diſsipe & confonde?

89 794 624 55 Pourſui pourſui: chãte touſiours mõ nom,

92 834 470 47 Ie garderay ta vie & ton renom.

93 872 573 54 Laiſſe ta peur & ſur moy t’en decharge.

92 912 587 57 Bien donc Seigneur ma peur ie laiſſeray.

92 950 491 52 Et de chanter iamais ne ceſſeray,

92 992 606 56 Puis qui te plaiſt me cacher ſous ta targe.

544 1035 67 46 I .ii.
