812 1190
96 64 45 50 132

284 52 269 47 CHANSONS

92 191 47 59 C

260 95 197 51 Autre chanſon.

145 162 530 65 E meſchant corps demande gueriſon,

144 215 565 51 Mon frere cher, & l’eſprit au contraire

91 255 574 48 Le veut laiſſer comme vne orde priſon,

91 297 616 46 L’vn tẽd au mõde, & l’autre a ſ’en diſtraire.

90 336 564 49 C’eſt grand pitié que de les ouir braire.

89 376 531 46 Ha, dit le corps, faut il mourir ainſi?

87 415 493 49 Ha, dit l’eſprit faut-il languir icy?

90 456 618 47 Va dit le corps, mieux que toy ie ſouhaite.

91 493 512 49 Va, dit l’eſprit, tu faux & moy auſſi.

87 530 586 73 Du Seigneur Dieu la volonté ſoit faicte.

264 610 192 50 Autre chanſon.

124 686 537 52 E corps vaincu par l’eſprit bien apris,

120 729 557 45 Mourir ſoudain deſire inceſſamment:

87 772 537 47 Mais par l’eſprit ſagement eſt repris.

91 813 580 44 Va, dit le corps, vien mort ſoudainement.

89 852 521 43 Non, dit l’eſprit, endure ce torment.

90 888 563 48 Va, dit le corps, meilleure eſt la defaicte.

92 930 532 47 Va, dit l’eſprit, il faut qu’entierement

88 967 582 72 Du Seigneur Dieu la volonté ſoit faicte.

86 686 43 74 L
