809 1182
94 87 53 59 134

262 80 244 46 CHANSONS

82 196 45 84 S

89 603 66 73 O

294 118 198 55 Antre chanſon.

129 189 585 65 Ouuerain Dieu des humains redẽpteur,

129 243 471 49 Ie te ſupply ſois moy miſericors:

93 286 582 44 Tu es mon Dieu mon pere & ſaluateur,

90 324 574 46 De mes pechez ne vueille eſtre records.

95 361 497 49 Tu m’as creé & l’eſprit & le corps,

94 401 507 49 Ton œuure ſuis o bonté ſupernelle,

92 439 580 48 A toy me rends pour faire mes accords,

92 478 587 55 Recoy moy donc en douceur paternelle.

320 537 203 55 Autre chanſon.

162 591 532 53 Le grand bien, le don, la grace, l’heur

160 629 553 53 Que Dieu nous faict de pouſſer noſtre

574 667 137 49 (aureille

93 669 470 53 Par ſõ eſprit ꝑ ſa voix nõpareille

94 712 527 47 En ferme foy receuoir de bon cœur.

95 751 524 46 Certainement c’eſt la douce liqueur

95 788 616 51 Qui du mortel ſommeil noz ſens reueille,

97 828 601 51 Faiſant ſentir d’amour la grãd merueille:

96 867 616 52 Dont nous pourſuit des treſbõ le meilleur,

97 908 585 48 Son ſainct parler eſt l’heureuſe ſemence

99 946 565 45 Prinſe au threſor de la bonté immenſe

99 984 610 47 D’ou ſont les flãs de ſon eſpouſe enceincts,

102 1027 461 42 Le ſacrement, la vertu, l’efficace

102 1059 610 58 D'ou prẽd la ſource en noꝰ l’effect de grace
