818 1188
672 79 45 49 135

205 75 348 46 SPIRITVELLES.

97 448 44 66 C

104 120 616 54 Qui nous fait dieux regenerez & Saincts.

314 201 202 49 Autre chanſon.

99 279 621 47 Chanſon demonſtrant la maniere cõme les Chre¬

136 322 586 49 ſtiens ſe doiuent eſiouir & chanter ſelon Dieu.

148 390 535 56 Sur le chant, C’eſt vne dure deſpartie.

155 436 376 45 'Eſt vne pouure chanterie,

144 472 486 54 Et fort deſplaiſante au Seigneur

96 518 500 47 Chanter chanſons d’yurongnerie,

96 559 428 40 Controuuees au deſhonneur

93 597 542 47 Du Seigneur Dieu qui tout cognoit,

95 638 455 41 Combien que belle couuerture

93 674 402 45 De bien, & ſaincteté y ſoit,

95 714 506 46 Ce qui eſt ſans foy n’eſt qu’ordure.

128 755 493 44 Impoſſible eſt, quoy qu’on te die,

93 792 497 46 Sans foy plaire à noſtre Sauueur:

92 834 438 43 Beau parler, & meſchante vie

91 871 454 46 En ce ne prend il point ſaueur,

93 915 443 43 Comme bien ie te prouueray,

95 948 484 48 Par S. Matthieu en ſon ſeptieſme,

92 991 422 42 Pourtant ie te demonſtreray

93 1026 545 47 Ou pour chanter prendras ton theme.

132 1063 462 60 Enſuis par tout la droicte voye

563 1097 87 55 I .iiii.
