813 1181
82 55 49 48 136

264 55 249 40 CHANSONS

79 99 464 47 Ieſus Chriſt noſtre redempteur,

80 142 430 42 En luy mettant toute ta ioye:

81 181 441 44 De volupté ſois contempteur,

80 221 415 38 Du monde & de ſes vanitez,

81 259 463 44 Tes chanſons ſoyent ſpirituelles

80 297 502 48 De la ſaincte Eſcripture extraictes:

81 336 509 47 Delaiſſans ces chanſons charnelles:

122 379 426 45 Lis au quatorſieſme chapitre

80 420 444 43 La premiere aux Corinthiens,

83 457 535 44 Ou S. Paul vrayement nous monſtre

82 497 539 52 Comme doiuent les vrays Chreſtiens

81 538 428 43 Preſcher, prier, chanter auſſi,

85 577 436 45 Tout ſoit en voix intelligible,

85 616 440 43 De cœur, d’eſprit en ſens raſſi,

82 652 513 48 Dont fruict à tous ſoit perceptible.

122 694 487 46 Ie chanteray donc de ma bouche,

87 732 538 46 Mais de cœur bien plus ardemment,

89 772 551 54 Par l’eſprit de Dieu quand me touche:

87 818 426 46 Ie ne le pourroye autrement,

89 854 376 44 Par ainſi Dieu ie loueray,

91 893 410 47 Au grand prouffit & edifice

91 931 470 47 De mon prochain & l’inſtruiray

133 973 393 43 A louer Dieu en ſon office,

97 1010 504 48 N’aurons nous qu’vne fois l’annee,

96 1049 434 61 Ou deux memoyre ſeulement
