811 1187
650 65 60 57 137

275 60 343 55 SPIRITVELLES.

86 112 385 46 De la grace qu’il a donnee

88 152 525 47 A nous, pour leſquels paouurement

85 191 401 44 Dedans vn eſtable il eſt né:

86 230 532 43 Pour nous a ſouffert mort horrible,

87 269 392 41 En ce monde ſi mal mené?

86 306 468 50 Penſons y tant qu’il eſt poſſible,

130 350 510 41 Tant que nous ſerons en ce monde,

88 390 528 41 Si Chreſtiens ſommes, en nos cœurs,

87 428 495 44 Porter deuons l’amour profonde,

87 466 495 52 De ce bon Chriſt & ſes langueurs,

89 507 298 42 Sa vie & ſa natiuité:

90 546 391 45 C’eſt le miroer de patience:

88 583 344 47 Il eſt mort & reſſuſcité,

89 622 454 49 Monté au ciel par ſa puiſſance.

128 664 565 49 Or chantons donc touſiours louanges

91 704 415 45 A noſtre bon Pere des cieux,

89 745 459 46 Diſans de cœur apres les Anges,

92 784 575 52 Gloire au Seigneur aux treſhauts lieux:

94 822 389 43 Qui de la mort nous a tiré

95 859 411 47 Par Ieſus qui a fait la guerre

94 901 357 47 Contre Satan, ſ’eſt retiré

95 941 456 48 Auec nous faiſant paix en terre.

130 980 486 49 Mais gardons nous d’ingratitude,

98 1019 400 45 Qui eſt deſplaiſante à leſus

98 1058 443 67 Pour laquelle grand multitude
