813 1182
95 72 50 56 138

267 70 256 48 CHANSONS

90 114 399 54 D'Iſrael furent confonduz.

90 160 449 47 Pour la loy de Dieu contemner

91 201 473 46 N’entrerent point en celle terre,

90 239 474 47 Combien plus ſont à condamner

93 279 453 42 Qui en Ieſus ne veulent croire?

133 313 523 50 Tombons treſtous deſſus noz faces:

93 357 433 48 Et de grand cœur remercions

93 396 481 50 Le bon pere de ſes grands graces,

93 437 398 48 Leſquelles publier deuons,

93 474 318 50 Affin de le glorifier.

92 509 604 55 Preſchons touſiours ſes grands merueilles

93 552 373 50 En l’oyant philoſophier:

92 591 494 55 De cœur plus fort que des oreilles.

306 664 195 53 Autre chanſon.

95 705 619 52 De la Cene, que leſus Chriſt feit auec ſes Apo¬

134 749 579 52 ſtres deuant ſa Paſſion, par laquelle noz pechez

130 793 273 47 nous ſont pardonnez.

133 845 492 54 Sur le chant, N’eſt il pas bien aiſe.

138 901 331 49 Oint ne faut que taiſe,

133 943 366 47 Pouure homme pecheur:

98 982 315 47 Donc prens à ton aiſe

101 1020 306 46 Chriſt ton Createur.

135 1057 431 61 Ieſus ſentant venir ſa paſſion,

94 909 50 75 P
