808 1184
86 44 49 54 12

90 88 533 48 Mais verité diras ſans nul menſonge.

89 132 459 40 Perdu ſera qui menterie eſpard,

88 168 574 48 Dauid le dit, cela n’eſt point menſonge.

91 209 524 44 Tu dois donner aux deſolez confort,

88 251 502 48 Sans accepter en iugement le fort,

87 288 191 44 Ne le debile,

88 328 205 48 Ne le pupille,

87 369 221 47 Ne ta famille,

85 409 535 51 Mais tu diras vray pour leurs faictz,

86 447 333 51 Toute homme eſt vile

83 488 163 40 Et inutile,

89 530 249 44 Quand il mutile

83 565 408 51 La verité en dictz ou faictz.

208 615 364 50 Le dixieſme commandement.

118 678 542 45 De couuoiter gardez vous mes amis,

81 718 576 45 Femme d’autruy, fille, ne chamberiere:

80 759 551 47 Noſtre Seigneur ce mandement a mis,

83 798 509 41 Pour nous tenir en charité entiere:.

82 834 600 48 Nul ne voudroit qu’on luy fiſt deſplaiſir,

80 876 597 54 Mais qu’on luy fiſt tout ſeruice & plaiſir:

80 914 226 47 En tout affaire

81 951 234 48 Fay à ton frere,

83 990 251 49 Ce qu’a toy faire

85 1027 411 60 Tu voudrois par dilection:

294 44 246 43 CHANSONS
