819 1182
91 63 67 48 140

294 62 246 47 CHANSONS

95 110 622 50 Chriſt ſ'eſt liuré pour nous a mort & croix,

93 149 513 48 Et fait ce bien, pecheur ſi tu le crois,

99 190 260 48 Que de ſa iuſtice,

95 232 243 45 Et propre vertu:

95 269 225 42 Par ce benefice

93 287 638 69 Il t'a reueſtu. Point ne faut. &c.

138 344 480 54 Ce qui eſtoit ſien, il te l’a conferé,

94 385 453 52 Le tien auſſi, en ſoy a tranſferé:

97 427 323 46 Dieu plus ne t’impute

99 464 314 48 Ton mal & meſfaict,

98 506 299 48 Car Chriſt le repute

96 523 631 72 Pour ſien en effet. Point ne, &c.

135 576 552 61 Non que Ieſus euſt faict aucun peché,

99 619 620 58 Mais voyant l’homme eſtant ſi empeſché,

98 663 212 46 Il ſe conſtitue,

99 703 275 47 De luy le debteur,

99 742 283 47 Puis en ſaiſon deue

99 761 640 74 S'en faict le payeur. Point ne, &c.

130 822 439 48 Iſrael fut de manne alimenté

103 860 555 57 Pour quelque temps de cela ſubſtanté,

105 904 241 44 Sous vne figure,

116 941 335 46 Qu’en vn temps prefix,

101 979 291 46 Dieu feroit paſture

102 1017 616 54 De ſon propre fils. Point ne, &c.

143 1055 451 59 Ores a nous eſt baillé & rendu,
