803 1184
642 57 58 62 141

145 48 355 53 SPIRITVELLES.

84 90 565 60 Chriſt le vray pain eſt du ciel deſcendu,

88 141 290 46 Qui eſt ſans feintiſe

82 181 351 51 De trop plus grand pris,

86 221 282 46 Que cil que Moyſe

83 259 292 44 Et les ſiens ont pris.

120 299 268 43 Point ne faut. &c.

80 337 555 45 Manne le corps ſeulement nourriſſoit,

81 378 571 57 Non pas l’eſprit, car ſoudain pourriſſoit

80 418 280 45 Mais ceſte paſture,

78 457 388 45 Dont Chriſt nous nourrit

82 495 345 47 Touſiours ſans fin dure

80 534 638 50 Et point ne perit. Point ne, &c.

119 574 585 51 Mãger le corps du Seigneur Ieſus Chriſt,

80 614 502 57 Boire ſon ſang ainſi qu’il eſt eſcrit:

83 655 344 44 C’eſt fermement croire

83 693 310 48 Que dans nos eſprits

83 734 343 45 Chriſt le Roy de gloire

82 771 624 51 Par foy eſt compris. Point ne faut. &c.

124 810 584 49 Mangez ce corps, dit Ieſus noſtre eſpoux,

82 849 595 59 Beuuez mon ſang agreable & bien doux:

82 894 295 42 Faiſant la memoire

82 933 202 41 Et reduction

83 972 317 44 De ma mort notoire,

82 986 632 78 Et ma paſiion. Point ne faut, &c.

126 1047 535 63 Prendre ſon corps & ſon ſang aualer,
