801 1178
650 30 68 54 143

238 26 339 47 SPIRITVELLES.

81 589 50 75 A

95 71 625 52 Ce pain le conduit. Point ne. &c.

136 111 577 48 O Ieſus Chriſt doux affable & humain,

98 156 570 42 Tu nous as mis hors de la force & main

92 195 283 47 Et du grief ſeruage

90 234 257 44 De Pharaon roy,

91 272 276 47 Dont tu es paſſage

88 303 617 64 De nouuelle Loy. Point ne. &c.

87 382 625 57 Inuitatiõs de toutes creatures a louer Dieu, qui doit

128 434 285 47 venir pour tous iuger.

127 503 530 62 Sur le chant. Au chant de l’Allouette.

143 581 329 52 V nom du roy Celeſte,

136 626 287 44 Par voix manifeſte:

85 664 416 51 Au nom du Roy Ieſus Chriſt

86 704 216 47 Par ſon eſprit,

84 742 286 50 S’eſiouyra l’Egliſe,

87 784 305 46 Par treſbonne guiſe,

81 823 385 45 Ainſi comme il eſt eſcript.

123 863 408 49 Venez Chreſtiens chantons,

81 901 388 51 Rendons a Dieu louanges:

83 940 313 47 En ioye a luy ſautons

83 980 454 50 Non point en chants eſtranges,

81 1019 387 68 Ains en ſuyuant les Anges,
