813 1185
96 57 73 47 146

272 55 244 46 CHANSONS

92 306 66 78 Q

92 97 587 53 L’immortalite de l’ame nous fait meſpriſer les tor¬

127 140 501 52 mens que ſouffrons pour le nom de Dieu.

92 192 614 56 Sur le chant, Les Bourguignons mirent le

92 244 98 44 camp.

165 294 451 50 Vand i’ay bien a mon cas penſé,

170 335 403 48 D’vne choſe me reconforte,

98 375 425 48 Quand le corps ſera treſpaſſé

94 417 416 43 Mon ame ne ſera pas morte:

93 454 396 48 Iuſtice n’eſt pas aſſez forte,

95 493 389 47 De pouuoir ſi cruellement

94 534 435 44 Faire mourir tout d’vne ſorte

96 572 504 48 Le corps & l’ame enſemblement.

134 614 464 46 Mes compagnons & bons amis,

99 652 478 45 Deuant que mourir, ie vous prie,

96 691 458 48 Ne craignez point les ennemis,

108 730 435 50 Qui ne peuuent qu’oſter la vie

97 771 484 48 Du poure corps: mais ie vous prie,

98 811 448 47 Craignez celuy tant ſeulement

103 849 411 50 Qui peut, ſ’il en auoit enuie,

98 890 510 45 Mettre ame & corps a damnement.

135 929 412 45 En la crainte ne ſoyons tant,

103 968 439 46 Que n’ayons en luy eſperance:

100 1005 432 47 Digne n’eſt d’eſtre ſon enfant,

97 1042 407 65 Qui n’a mis en luy ſa fiance:
