825 1188
655 81 57 53 147

200 58 328 57 SPIRITVELLES

87 114 369 50 Il a faict a nous alliance,

92 155 432 50 Que la foy viue entretiendra:

85 197 448 46 Demandons luy en aſſeurance

89 235 445 47 Ie croy qu’il la nous donnera.

128 273 455 48 Contentons nous donc de cela,

85 311 503 54 Sans que noſtre ame ſoit troublee,

85 355 453 46 De ce que Dieu nous enuoyra,

85 390 405 49 En attendant celle iournee,

87 429 315 48 Qu’elle ſera raſſaſiee

85 468 459 50 D’vn plaiſir ſi grand & ſi doux,

84 510 395 46 En eſtant au ciel colloquee

85 548 425 51 Auec Ieſus Chriſt ſon eſpoux

84 623 631 56 Il recite la grande deliurance faite par le Seigneur

126 667 588 53 Ieſus Chriſt, en donnant ſon corps a mort cruel¬

124 706 445 52 le pour la redemption de nos pechez.

170 759 423 57 Sur le chant de la precedente.

128 818 438 51 Our reparer le grand forfaict,

128 859 401 47 Commis par deſobeiſſance,

89 896 473 51 Le Fils de Dieu mortel ſ’eſt faict

88 937 423 48 Et a pris humaine naiſſance:

91 978 446 48 Vn grand myſtere d’excellence

89 1018 404 45 A la venue du Roy nouuel,

87 1054 439 71 Qui a pris humaine naiſſance

82 816 40 79 P

503 1102 78 43 Iz .ii.
