816 1182
81 72 89 44 148

194 68 249 46 CHANSONS

77 111 385 51 Dedans le ventre virginel.

113 151 372 48 A qui me dois-ie confier,

75 190 421 49 Fors a celuy qui ha puiſſance

74 233 348 44 De deſtruire & viuifier

77 269 455 49 Toutes choſes ſans repugnance?

76 307 487 51 Ie ſerois bien fol quand i’y penſe,

76 349 457 48 D’ailleurs aſſeurer mon appuy,

79 388 456 49 Puis que luy ſeul ſans deffiance

76 426 408 53 M’eſt pere, Seigneur & ami.

116 465 422 49 Ou eut Adam ſon reconfort,

78 504 472 50 Ayant commis ſi grieue offenſe,

78 545 459 45 Dont condamné fuſt a la mort,

78 585 410 48 Et priué de toute innocence?

78 619 453 56 Raiſon ne trouue n’apparence

78 664 439 46 D'excuſer ſon mal & ſon tort,

78 703 446 48 Diſant pour toute contenance,

79 741 498 52 C’eſt ma femme qui m’a fait tort.

116 783 443 47 Le Seigneur Dieu ne ſ’arreſta,

77 820 353 48 A ſon excuſe ſi friuolle,

79 861 403 45 Ains hors d’enfer le reietta,

78 898 431 51 Luy promettant miſericorde:

78 937 488 53 Mais que par foy a luy ſ’accorde,

78 979 294 42 Et il aura remiſſion

78 1019 351 45 De ſon iniquite ſi orde,

76 1057 366 56 Lors eſpera redemption.
