802 1187
678 71 54 43 149

249 63 337 45 SPIRITVELLES.

153 106 439 50 Le Seigneur Dieu conſiderant

115 149 323 45 La debilite de nature,

114 187 409 49 Nous a reuelé bien ſouuent

113 228 493 46 Ses promeſſes qui ſont tant pures,

114 268 620 47 Quand les grans eaues par tout ſ’eſmeurẽt

112 307 424 43 Pour abſorber le firmament,

111 344 406 48 Du patriarche il a pris cure

114 383 423 44 Noe, ſa femme & ſes enfans.

150 424 383 46 A Abraham Dieu confera

111 464 489 48 Long temps apres promeſſe telle,

110 502 416 48 En diſant que croiſtre il fera

111 544 395 46 Sur les eſtoilles ſa ſequelle.

112 582 366 48 A Iacob en fit la pareille,

112 622 403 47 En eſprit par foy le voyant,

112 662 464 46 Duquel produyroit vne eſtoille,

111 701 408 45 Donnant ſalut dict Balaam.

153 739 457 49 Moyſe de Dieu grand zelateur,

112 780 491 47 Ayant du haut Dieu cognoiſſance,

115 819 338 45 N’a pas eſtimé vn feſtu

114 855 397 50 D'Egypte la magnificence,

115 898 466 45 Voyant que lon faiſoit outrance

112 937 426 47 Au ſeul Seigneur & createur,

111 975 466 49 De mettre ailleurs ſa confiance,

112 1014 411 50 D’Egypte ne fuſt ſucceſſeur.

156 1054 364 64 S. Pierre n’a point vſurpé

526 1089 90 55 Iz .iii.
