816 1183
99 57 50 42 150

227 48 249 51 CHANSONS

95 600 59 71 P

98 97 531 49 L’honneur qui eſt deu à ſon maiſtre.

99 136 369 48 Ains a le peuple prohibé

96 176 444 47 Publiquement le iour de feſte,

97 216 553 49 Diſant, Qu’eſt-ce gens que vous faites?

97 256 407 48 Ce ne vueillez m’attribuer.

99 296 388 45 Car ie ſuis creature certes:

98 334 435 51 Le ſeul Seigneur deuez louer.

99 409 398 57 D'Eſperance, Foy, & Charité.

145 490 423 54 Sur le chant, Par ton regard.

356 571 154 49 Eſperance.

149 603 469 55 Ar ton regard tu me fais eſperer,

141 651 494 44 En eſperant me conuient endurer.

100 688 596 46 En endurant, ne me faut-ia complaindre:

101 728 618 46 Car la cõplainte ne peut mõ mal eſteindre:

99 768 541 52 Mais du danger ſeul me peux retirer.

352 809 88 40 Foy.

143 844 486 49 Par ton parler me fais en toy fier:

103 886 466 45 En m’y fiant ne me dois ſoucier:

101 924 573 45 Se ſouciant on ne fait rien que craindre,

104 963 618 53 Et par la crainte on peut la foy enfreindre.

357 1004 128 40 Charité.

147 1039 544 65 Par ton amour tu m’apprens à aimer:
