818 1187
674 58 51 50 151

231 52 344 52 SPIRITVELLES.

116 536 48 72 A

101 98 527 54 En bien aimant, de nul mal eſtimer:

104 139 622 54 En eſtimant du grand comme du moindre,

101 180 624 50 Et moins n’entẽs-ie en charite me feindre:

102 217 607 59 Quoy q̃ d’autruy i'oy meſdire ou blaſmer.

104 292 625 57 Le Chreſtien prie pour ſes pechez à Dieu ſeul re¬

141 336 589 54 dempteur, en la miſericorde duquel il eſpere

146 379 164 51 & ſe confie.

145 453 542 54 Sur le chant, C’eſt vne dure deſpartie.

172 534 438 50 Toy Seigneur ſans ceſſer crie,

168 575 484 50 Et du plus profond de mon cœur:

112 614 395 48 Eſcoute ma voix ie te prie,

112 651 496 51 Et vueille entendre à ma clameur.

151 694 420 47 N’ayes regard à mon erreur,

114 732 428 48 Porter ne puis mon iniuſtice:

114 772 458 49 Mais par ta treſgrande douceur

116 810 475 51 Sois (las) à moy pecheur, propice.

155 851 398 45 Mon ame du tout ſe confie

119 890 454 51 En ton certain parler, Seigneur,

119 930 327 47 En eſperance de la vie

123 967 569 51 Que m’as promis, dont m’en tiens ſeur.

156 1006 384 50 L’eſpoir d’Iſrael en luy eſt

124 1046 407 61 Pour ſa grande miſericorde.

521 1077 93 58 K .iiii.
