813 1178
103 59 53 49 156

229 52 248 52 CHANSONS

106 537 57 73 Q

100 104 278 45 Contre tentation,

101 140 348 48 De meſpriſer le monde,

100 179 333 50 Et des plaiſirs le banc,

100 218 420 49 Laiſſant le diable immonde,

100 259 381 51 Suyuant de Chriſt le rang.

100 331 635 56 Le fidele ſ'aſſeure au Seigneur d’eſtre deliuré de

138 378 356 48 tous maux par ſa puiſſance.

139 434 593 56 Sur le chant, Quand me ſouuient de la

102 477 215 50 poullaille, &c.

172 527 481 50 Vand me ſouuient de l’Euangile,

152 561 548 63 Que ſoulois preſcher ſur les champs,

102 610 430 46 Eſtant chaſſé de ville en ville,

103 648 437 48 Et deſpriſé de gens meſchans,

108 689 526 49 Tant de bourgeois que de marchans,

104 729 419 46 Ie m’eſiouys en leſus Chriſt,

104 768 481 47 Au nom duquel ie fay mes chans,

106 808 435 46 Par la vertu du ſainct Eſprit.

145 846 448 47 Maintenant ſuis en priſon vile,

104 885 450 48 Iambes, & pieds en fers peſans,

107 924 442 47 Mais i’ay l’eſprit cler & agile,

112 959 473 52 Quoy qu’en diſent les mediſans:

107 1003 453 44 Auant qu’il ſoit iamais dix ans,

102 1040 460 64 S’il plaiſt à Dieu qui tout regit,
