816 1187
649 65 53 51 157

220 63 345 43 SPIRITVELLES.

71 110 431 50 I’en ſortiray maugré les gens,

73 152 432 48 Par la vertu du ſainct Eſprit.

106 184 496 59 Le ſang humain eſt mout fertile

71 228 409 48 Par Ieſus Chriſt fructifiant,

71 270 421 47 Parquoy ma mort ſera vtile,

69 309 414 48 Le nom de Dieu glorifiant,

71 348 398 47 Et mon prochain edifiant,

70 387 445 48 En me voyant par foy contrit:

70 427 348 45 Ie ſuis yci en m’y fiant,

70 466 428 45 Par la vertu du ſainct Eſprit.

98 507 454 46 Prince duquel tout bien diſtile,

73 547 438 47 Autre que toy ie ne pretends,

74 586 490 46 Tu m’as mis hors par ton conſile,

72 626 455 45 A iointes mains graces te rens:

72 668 417 44 A te ſeruir ie pren les rangs,

72 705 442 46 Car de tes mains nul ne perit:

73 745 465 45 Grace & pardon de toy i’attens,

71 784 428 48 Par la vertu du ſainct Eſprit.

71 859 634 53 Chriſt ſeul moyen de noſtre redemption. Dieu fait

110 904 590 47 merci à ceux qui ſont repentans de leurs pechez.

114 963 570 59 Sur le chant, Viure ne puis pour le mal.

108 1016 438 53 Ire, ta terre as benit à ce coup:

112 1058 483 68 Et apporté le fruit tant ſalutaire,

74 1010 30 76 S
