808 1174
108 56 41 36 14

101 94 397 48 Exauce la voix des priantz.

142 134 424 46 Mon doux Ieſus tu fus recors

99 174 519 49 De nous pecheurs, en temps certain:

107 212 504 49 Tu as baillé ton ame & corps ol a¬

99 253 515 54 Pour ſauuer tout le genre humain.

142 290 387 50 Dedens le ventre virginal,

102 324 495 56 L’Eſprit forma vn corps parfaict;

101 371 388 45 Léquel a porté noſtre mal:

104 407 410 48 En effaceant noſtre forfaict.

140 452 472 48 A ſon nom ployons noz genoux

103 489 425 44 Deuant luy nous humiliantz.

107 528 467 45 Par luy nous ſerons ſauuez tous

104 566 355 45 De Saran, & de ſes liens.

144 603 399 49 O Ieſus Chriſt iuge auenir,

101 644 553 62 Deffends nous & garde en tout temps:

105 684 402 48 Tu es ſeul qui peux ſubuenir

106 724 431 46 A tes ſeruantz: ainſi l’entends.

141 763 451 50 Louange en ſoit a vn ſeul Dieu:

105 804 493 51 Auquel on doit gloire & honneur:

105 843 470 49 En le ſeruant, tout temps & lieu:

107 882 480 51 Car il eſt des ſeigneurs: Seigneur.

140 922 449 50 Ghantons à Dieu ioyeuſement

106 958 338 50 Par la parolle de Ieſus:

107 1003 365 43 Car toute creature ment,

108 1038 446 60 Fors que luy ſeul qui eſt la ſus.

326 54 226 41 CHANSONS
