816 1187
638 60 61 61 159

170 58 342 49 SPIRITVELLES.

71 104 589 49 Bien-heureux eſt qui n’orra autre choſe.

114 147 470 47 A tous ſes ſaincts Euangelizera,

74 187 486 44 De ceſte paix la ioyeuſe nouuelle,

73 226 475 47 Sans oublier cil qui l’inuoquera:

74 266 499 45 Car par luy ſeul aura vie eternelle.

93 303 602 48 Mais touteſfois des hũbles craignãs Dieu,

75 343 516 47 Plus pres ſera le ſalut à toute heure:

77 384 579 45 Grace de Dieu eſt touſiours pres du lieu

75 421 628 52 Des vrays croyans, c'eſt ſa propre demeure.

116 462 396 46 Miſericorde & auſſi verité

75 501 555 48 Dames d’honneur, ſe ſont bien raliees:

77 542 471 46 Iuſtice & paix, en parfaicte vnité

77 580 452 46 Finalement, ſont reconciliees.

122 616 543 54 Tant ſ’eſt voulu vers nous humilier

81 658 446 48 Celuy qui eſt verité & iuſtice,

82 701 491 46 Qu’il eſt venu pour nous iuſtifier:

81 740 515 46 Et nous ſauuer par ſa grace propice.

118 779 473 47 Apres que Dieu par ſa benignité

81 819 455 44 A ſes eſleuz aura grace donnee,

81 856 543 48 Rempliz ſeront de grand fecondité

83 898 544 45 Pour faire fruict en foy preordonnee.

116 932 522 51 Deuant le Chriſt le iuſte marchera,

81 974 514 46 En obſeruant de ſes ſtatuts la voye:

81 1014 519 47 Et tous ſes pas meſme il ordonnera,

84 1053 545 56 A vn ſeul Dieu, non afin qu’on le voye
