799 1177
81 52 66 46 168

222 49 245 47 CHANSONS

79 97 437 48 Par toy pardon nous eſt rendu,

79 139 211 46 Auſſi ta grace,

76 164 656 66 Ieſus ſauueur, bis

79 211 454 50 Retourne à nous ta ſaincte face.

120 254 392 44 Tu as eſte mis en la creche,

79 293 368 46 Et viſité des paſtoureaux,

81 329 407 50 Et l’eſtoille les Sages dreſſe,

87 370 522 51 Qui ſont venus ſur grans chameaux

81 413 290 47 Pour faire offrande

82 452 643 51 A toy Seigneur bis

83 480 475 59 De mes pechez pardon demande.

118 528 496 48 Huit iours apres tu fus au Temple

83 564 402 52 Entre pecheurs là circoncis,

86 601 507 54 Pour nous laiſſer le ſainct exemple,

88 646 498 48 Qu’en nous peché doit eſtre occis:

88 687 254 45 C’eſt choſe ſeure,

86 722 641 50 Sainct innocent, bis

90 761 531 56 Faut-il que pour nous tous tu meure?

124 803 481 54 Autre chemin ont prins les Sages

92 848 417 47 Pour retourner en leur pays.

92 881 537 59 Herode a fait maints grans outrages:

96 923 417 48 Car les enfans à mort a mis.

102 965 216 49 Quel ſatellite?

96 998 632 51 Seigneur puiſſant, bis

100 1038 429 67 Tu fus porté droit en Egypte.
