798 1186
316 113 199 45 Autre chanſon.

153 187 468 52 Sur le chant, Faute d’argent, &c.

165 258 516 61 Aute de foy c'eſt erreur nompareille,

153 307 526 49 Si ie le dis, las ie ſcay bien pourquoy:

117 347 549 46 Car qui n’ha foy, iamais n’eſt a requoy

117 384 613 48 De ſon eſprit, dont point ne m’eſmerueille,

154 423 577 53 L’hõme ſans foy touſiours cõmet follie,

115 464 475 45 Et ſi ne peut iamais rien meriter

116 504 523 46 Par franc vouloir, helas, mais irriter

115 542 545 48 Le doux Ieſus, qui les pecheurs deſſie.

154 581 479 49 Si le Seigneur la maiſon n’edifie,

115 618 485 52 En y mettant de ſa grace la main,

115 660 605 50 Perdent leurs temps & labeurent en vain,

117 701 505 44 Ceux qui la font, ie le vous certifie.

150 737 541 52 Auſſi celuy qui n’ha de Pieu la grace,

117 778 577 48 Labeure on vain, car par nul de ſes faicts

117 819 454 46 En paradis aller ne peut iamais

117 859 578 46 Pour gloire auoir & contempler ſa face.

158 899 572 47 Que ferõs nous dõcques bergerõnettes

119 938 542 45 Pour auoir part auec le Roy des rois?

119 978 610 44 Chantons de cœur à Dieu par doux arrois,

119 1021 578 47 Et l’exprimons par foy & œuures nettes.

163 1055 510 62 Par la vertu de ſon ſainct Euangile

239 65 338 43 SPIRITVELLES.

110 277 44 73 F

703 65 24 58 15
