813 1186
652 66 68 50 169

231 63 332 45 SPIRITVELLES.

129 108 457 50 Et douze ans apres ta naiſſance

93 151 485 46 Fus au milieu des grans docteurs:

92 189 404 47 Leſquels ſont de ta ſapience

91 224 499 53 Mout eſbahis dedans leurs cœurs:

94 267 240 45 Car ta doctrine,

96 292 617 67 Vray Fils de Dieu bis

93 345 395 46 Eſtoit celeſte & treſdiuine.

133 385 445 47 Trente trois ans auois en aage,

97 425 414 50 Quand tu ſouffris la paſſion,

94 469 506 44 Pour ſauuer tout l’humain lignage,

94 507 357 45 Croyant la reſurrection:

94 544 211 47 Sans vitupere,

90 582 635 50 Mais maintenant  bis

98 620 404 48 Tu ſieds à la dextre du Pere.

133 660 432 49 De là tu dois venir au monde,

96 701 460 49 Pour les morts & les vifs iuger:

95 741 412 47 Miſericorde en toy abonde,

96 780 509 50 En quoy tu veux les tiens ſauuer:

98 824 197 45 Tu as iuſtice,

94 855 635 56 Mon aduocat, bis

96 900 451 51 Au iugement ſois moy propice

138 944 465 44 O Ieſus auquel on doit croire,

98 980 390 44 Si ton ſermon eſt entendu,

100 1019 454 46 Tu ne veux d’œuure meritoire,

102 1056 425 66 Que Paradis nous ſoit vendu.
