797 1182
58 64 65 45 170

211 52 242 52 CHANSONS

71 491 51 77 A

64 97 298 56 Mais qu’on le baille

66 135 639 58 A tous pour neant,  bis

67 179 450 52 Sans en payer denier ne maille.

72 254 618 56 Chanſon, contenant le grand ſalut que nous a¬

104 297 296 55 ◊ns par Ieſus Chriſt.

111 374 583 60 Sur le chant, Il ne me chaut quoy ne com

78 423 100 42 ment.

128 492 355 52 Duiene qui pourra venir

128 533 473 53 Puis que leſus eſt mort pour moy

73 574 440 52 En luy ie veux viure & mourir

76 613 380 49 Perſeuerant en ferme foy:

76 650 573 53 C’eſt mon Seigneur, mon ſouurain Roy,

80 688 417 59 Qui de ſon ſang m’a racheté.

78 730 399 50 Et m’a du tout acquis à ſoy,

78 768 408 52 Pour luy ſeruir en ſaincteté.

115 809 402 49 Par mon peché ord & infet,

77 848 353 49 I’eſtoye en malediction,

77 887 403 48 Satan m’auoit rendu ſubiet,

79 927 342 48 A ſa maudite affection:

80 967 395 46 Mais par la mort & paſſion

82 1005 521 49 De Ieſus Chriſt mon vray Seigneur,

82 1044 387 61 Ie ſuis hors de damnation,
