789 1181
73 68 63 52 172

211 64 262 44 CHANSONS

67 315 77 66 M

294 106 202 43 Autre chanſon.

111 182 586 50 Sur le chant, Mon poure cœur eſt en pri

71 220 563 57 ſon, Dieu gard de mal qui l’y a mis, &c.

133 301 489 51 On Dieu ſauue moy en ton nom,

145 346 365 47 Et me iuge par ta vertu,

78 379 432 52 Exauce auſſi mon oraiſon,

84 422 457 50 Quand ie le croy, auſsi fais-tu:

82 461 462 48 Ie ne crain ſatan vn feſtu,

81 497 479 52 La mort, enfer, ne ſes tormens,

86 534 474 53 Ne l’antechriſt fol & teſtu,

86 576 474 53 Car tu es vray en iugemens.

121 615 439 53 Sauué ſeray par ton ſermon,

87 652 522 56 Plus trenchant qu’vn glaiue pointu,

87 694 427 49 Qui fait du corps diuiſion

86 729 428 56 Et de l’eſprit par foy vertu:

91 769 469 54 Par mes pechez ſuis deueſtu,

87 809 473 50 De tous mes bons habillemens,

92 849 468 52 Par ta grace ſuis reueſtu,

85 886 475 59 Car tu es vray en iugemens.

131 931 429 58 Caphars remplis de fiction

97 973 454 51 Ont l’honneur de Dieu abbatu

99 1013 423 51 Nous promettans remiſſion,

90 1055 423 65 Mais tout conté & rabbatu:
