809 1186
667 61 50 55 173

220 47 355 51 SPIRITVELLES.

107 448 53 73 M

101 94 438 50 Par Chriſt ſatan eſt combatu,

102 139 491 48 Et non point par leurs ſacremens,

103 177 386 48 Qui ne le croit ſera batu:

101 219 413 49 Car tu es vray en iugemens,

313 295 197 50 Autre chanſon.

140 369 460 56 Sur le chant, Tant que viuray.

169 448 559 54 On Dieu mõ roy, mõ pere tout puiſſãt

162 489 554 53 Dieu eternel dont tout bien eſt yſſant,

101 528 498 49 Seant là haut deſſus les cherubins,

103 567 555 50 Par le tien Chriſt ſatan eſt impuiſſant,

105 606 544 52 Peché prend fin au poure languiſſant,

101 647 545 53 Morte eſt la loy par tes effectz diuins,

107 685 200 45 Ton alliance

106 724 267 52 Ceſt ma plaiſance,

106 763 194 47 Tu es à moy,

103 803 186 47 Ie ſuis à toy,

104 842 279 44 Fy du faux monde

105 882 287 48 Trop eſt immonde,

104 924 415 45 A toy me rend par viue foy.

139 960 582 55 Doux Ieſus Chriſt ꝓpice à tous pecheurs

102 1000 447 50 Fin de la loy, des ſacrificateurs,

104 1039 493 62 Noſtre aduocat & ſeul mediateur,
