815 1187
659 57 65 57 175

257 50 336 48 SPIRITVELLES.

102 253 32 68 E

263 98 198 45 Autre chanſon.

139 135 415 52 Prinſe de L’Eccleſiaſti. chap.12.

98 184 437 65 Sur le chant, Au bois de dueil.

150 248 483 57 Siouys-toy, eſiouys ieune enfant,

139 295 537 49 Et prens plaiſir en ta ieuneſſe tendre,

100 333 654 50 Ton cœur ſoit veu gaillard & triomphant,

100 371 607 49 C’eſt tout chagrin à la vieilleſſe entendre,

97 412 598 48 Enſuis ton cœur, tu ne peux faire mieux

103 450 550 53 Va t’en ſelon le regard de tes yeux,

97 489 268 48 Mais apres penſe,

97 530 273 47 Pour recompenſe:

98 569 239 42 De ton offence,

99 608 488 50 Que Dieu t’ameine en iugement,

100 646 327 49 Ton cœur ſoit monde,

97 683 254 48 Laiſſe le monde,

100 723 247 47 Ou tu te fonde,

100 766 379 47 Lors tu auras allegement,

133 803 587 53 Souuienne toy pour ton aide & recours:

99 841 485 51 De L’eternel, en ta folle ieuneſſe,

100 880 625 55 N’attẽd les tors mauuais en leurs diſcours

100 918 543 56 Ny les annees de douleurs & triſteſſe,

101 960 475 50 Car l’homme va ſous la Diuinité

99 997 431 56 En la maiſon de ſon Eternité.

98 1038 257 63 Science humaine,
