812 1187
643 60 54 48 177

175 56 350 47 SPIRITVELLES.

75 296 38 84 E

283 98 236 52 Autre chanſon.

112 180 593 51 Sur le chant, Sur toutes fleurs i’ayme la

73 220 204 50 marguerite.

115 296 590 50 N toy mõ Dieu i’ay mis mon eſperance,

116 339 535 44 Ne me confonds pas eternellement,

81 380 588 42 Tous ceux qui ont en toy leur confiance,

80 416 597 46 Confuz ne ſont, ains ils ſont ſeurement,

160 456 298 45 En toy mon Dieu.

112 491 596 51 De toy ſeul eſt mon ſecours, ma defenſe

81 534 628 48 Qui en tes mains tiẽs terre & mer profonde

80 575 632 44 L’homme eſt maudict, qui en toy n’ha fiãce:

83 612 627 50 Quant eſt de moy, tout mon ſalut ie fonde,

156 653 289 41 En toy mon Dieu.

119 691 542 45 Comme le cerf en vn eſtang ſe lance,

87 729 620 47 Quand eſt chaſſé des veneurs & des chiẽs,

84 772 628 45 Sẽblablement, quand mon ame eſt en trãſe

85 811 560 49 A toy ie cours, & par foy me ſouſtiens,

164 850 291 43 En toy mon Dieu.

125 886 569 50 Riẽ ne m’y ſert Frãçois ne ſa grãd mãce

86 926 545 49 Eſtre veſtu de noir, de blanc, ou gris,

86 966 545 48 Ie laiſſe auſsi Dominique & ſa pance,

86 1008 584 49 Ie viens à toy, car tout bien eſt compris,

170 1047 283 69 En toy mon Dieu.

560 1082 75 60 M .i.
