789 1183
57 62 83 45 178

218 43 258 60 CHANSONS

117 93 510 55 De le ſeruir, faiſons tous diligence,

82 136 547 51 Sans diſcerner ou de place ou de lieux:

87 174 552 55 Il eſt par tout par eſſence & preſence,

86 216 522 53 Qui ce ne croit, eſt contumelieux

215 256 278 48 En toy mon Dieu.

123 288 574 57 Rien ne nous ſert, la chair & la prudẽce,

87 332 577 52 L'eſprit regiſt tout homme en verité,

88 373 497 48 Et ſi le faict auoir ferme creance,

90 409 492 55 Et patience au temps d’aduerſité

216 451 280 49 En toy mon Dieu.

91 485 582 55 Prince regnant, en ta haute excellence,

90 526 580 53 D'auoir mal-faict il me vint mal à gré:

93 567 575 51 Pardon requiers à ta ſaincte clemence,

93 607 565 55 Helas rend moy en vn meilleur degré.

188 647 276 52 En toy mon Dieu.

262 722 208 47 Autre chanſon.

99 764 618 85 Sur le chant, Quand Bourbon veit Mar¬

136 824 264 55 ſeille il a dit, &c.

142 879 365 57 Eigneur Dieu ie confeſſe

141 924 402 51 Que de toy vient tout bien,

103 964 357 50 Et que ſans ton adreſſe

105 1004 391 48 Tout homme ne peut rien

107 1043 414 61 Touſiours l’honneur eſt tien,

105 893 32 75 S
