809 1185
662 60 60 53 185

170 57 356 48 SPIRITVELLES.

104 100 432 48 C’eſt de Ieſus le mandement.

135 142 410 48 Peres & meres gardez bien,

98 182 506 47 Que vos filles n’aillent aux danſes:

98 221 488 46 Car elles n’apprendront nul bien,

96 260 514 45 Sinon tout malheur & meſchances:

96 299 523 47 Le Seigneur Dieu nous fait defenſes

96 339 396 46 Contre cela expreſſement,

96 377 460 46 Laiſſons toutes outrecuidances,

96 414 469 50 Et faiſons ſon commandement.

131 454 357 48 Herode le Roy inſenſé,

94 494 534 52 A faict mourir ſainct Iehan Baptiſte,

96 533 357 46 Pour la fille qui a danſé,

98 574 472 48 Comme nous dit l’Euangeliſte:

97 613 486 47 Nous deuons auoir le cœur triſte,

98 651 450 50 Voyans la grand’meſchancete,

96 692 402 47 Du poure monde qui reſiſte

97 729 343 45 A Dieu, & a ſa volonte.

137 768 391 48 Concluſion, danſes ne ſont,

99 807 457 48 Que tout eſpoir de paillardiſes.

98 845 441 48 Par danſes mille maux ſe font

97 885 469 49 Et mille excez de gourmandiſes,

100 922 450 52 Paillard en danſes faict deuiſes

98 963 473 48 Mieux que ne faict en autre lieu:

95 1000 548 53 Danſes doncques (quand bien i’aduiſe)

98 1042 432 65 Sont de Satan, & non de Dieu.
