808 1181
101 47 62 54 196

276 44 246 48 CHANSONS

100 87 380 52 Lon preſchera l’Euangile,

101 128 369 51 En deſpit de l’Antechriſt.

101 171 204 50 Eſleuons. &c.

138 194 604 63 Car qui nous ſeparera bis

99 242 643 56 De Chriſt, & deſtournera. bis

103 286 450 48 De l’aimer de cœur ſans feinte?

103 326 468 48 Rien: mort, ny priſon, ny crainte

105 365 428 49 De veoir noſtre bien deſtruit.

106 406 205 46 Eſleuons. &c.

146 435 591 56 O Seigneur par ta bonte, bis

106 477 636 57 Fay que Satan ſoit donté: bis

107 524 349 44 Auſſi toute ſa vermine,

110 560 389 50 Qui contre celuy machine

110 598 464 50 Lequel pour nous mort ſouffrit.

111 637 400 54 Eſleuons cœur & eſprit. &c.

112 709 623 59 Il argue l’inconſtance de ceux qui par crainte abã¬

149 751 586 54 donans la vraye doctrine, ont receu la fauſſe. Ex

152 791 584 53 horte a conſtance de Foy, aſſeurant que quelque

152 833 583 53 choſe que Satan braſſe, la verite demourera vi

156 876 129 51 ctorieuſe.

158 929 562 66 Sur le chant, Las que dict-on en France.

160 989 307 50 Etit troupeau fidelle,

156 1030 285 59 Ne te faut eſtonner

118 998 50 100 P
