810 1181
90 44 72 41 200

264 29 256 60 CHANSONS

93 82 617 52 Qui des fols l’entrepriſe bis

91 122 620 52 Quand il veut, rompt & briſe, bis

89 161 631 56 Donnant aux ſiens confort. bis

126 204 386 45 C’eſt luy qui tient en ſerre

84 243 437 46 Roy, prince, & tout humain:

87 279 306 49 Car il a ciel & terre,

82 321 356 50 Receu tout en ſa main.

84 356 429 54 Pourtant quoy qu’il aduiene,

87 397 426 50 Touſiours la bonte ſienne

85 435 360 50 Tous les ſiens defendra.

85 478 632 42 Voire & hardiment viene, bis

84 517 634 48 Toute gent terriene, bis

80 554 636 48 Sa main les confondra. bis

118 593 414 51 Donc n’y a lieu de crainte

77 631 455 49 Aux vrais enfans de Dieu,

80 668 452 54 Qui d’vn bon cœur, ſans feinte

76 708 395 50 L’honorent en tout lieu.

74 748 409 50 Ains d’vn ardent courage,

72 787 343 49 Perſiſter en l’ouurage

74 829 434 50 Du Seigneur deuons tous:

76 870 642 46 Luy priant qu’en ceſte aage bis

74 906 646 51 Nous garde de la rage, bis

78 945 643 58 De ces rauiſſans loups. bis
