819 1187
648 69 58 41 201

213 48 359 57 SPIRITVELLES.

94 452 50 73 O

83 99 633 53 Puis que nos aduerſaires (aſcauoir la chair, le mõ¬

121 141 597 51 de, & le Diable) en leur petit pouuoir ſe mõſtrẽt

123 181 595 51 ſi puiſſans a l’encontre de nous, par plus forte rai

127 222 588 47 ſon, nous les deuons vertueuſemẽt repouſſer, veu

124 261 590 52 que nous auons Dieu tout puiſſant pour noſtre

125 297 101 48 ſecours.

129 372 578 59 Sur le chant, O Hermite ſainct hermite,

149 452 359 49 Chreſtien de foy petite,

152 491 395 55 Dequoy t'eſpouuantes-tu?

90 531 414 51 Si tu croys l’Eſprit qu’incite

91 572 390 47 Ton cœur a bien, & vertu,

91 608 238 45 Nul aduerſaire

89 648 469 53 Onc du corps ne ſera vainqueur,

91 689 190 45 Ne du cœeur,

90 728 291 43 Tant ſoit contraire.

124 766 375 49 Le vray champion reſiſte,

87 805 349 48 Aux effors de l’ennemi,

95 842 465 55 Quand voit que pour luy aſſiſte,

88 884 333 47 Son loyal & fort ami,

90 924 255 47 Prenant courage,

91 959 436 58 Tant qui demeure le plus fort,

92 1001 156 42 Et du tort

91 1037 254 64 Chaſſe l’outrage.
