797 1181
650 49 57 61 205

184 52 333 49 SPIRITVELLES.

126 99 471 49 Helas, non pour moy, Seigneur,

93 141 350 44 Ceſte grace ie demande,

90 179 483 48 Mais pour augmenter l’honneur,

90 217 441 46 De ta bonté douce, & grande,

96 257 423 47 Qui payant peine & amende,

88 294 398 50 M’as de tout mal detaſché.

218 336 252 45 Grace, grace, &c.

128 373 454 46 De cœur, de bouche, & d’eſprit,

95 412 480 49 T'en rendray touſiours la gloire:

94 452 412 46 Et au Seigneur Ieſus Chriſt,

101 494 396 44 Qui du malin eut victoire,

95 530 409 48 Et qui ha (ie le veux croire)

105 569 365 49 Tout fidelle en luy caché.

229 612 243 48 Grace, grace, &c.

310 660 204 49 Autre chanſon.

131 723 588 49 L’Egliſe Chreſtienne ſe reſiouit, d’autant que

101 765 618 47 Ieſus Chriſt l’a receue, pour ſon eſpouſe, ſe pleignãt

93 804 624 45 de l’ennemi calomniateur, qui ne ceſſe de machi¬

94 845 336 47 ner par enuie contre icelle.

137 898 576 58 Sur le chant, Mon pere m’a donné mary.

144 960 425 47 Vis que pour eſpoux & mary,

149 997 483 49 l’ay le plus parfaict des parfaictz,

97 1041 453 53 Iamais n’auray le cœur marry,

87 957 71 89 P
