815 1185
102 55 52 52 206

299 51 248 53 CHANSONS

104 99 442 52 Mais meſiouyray en ſes faictz:

106 140 209 48 Fy de triſteſſe,

107 180 182 42 Viue lieſſe.

104 219 427 48 Car enſuyuant le ſainct eſcrit

106 260 384 45 Obeir veux à Ieſus Chriſt.

139 300 422 46 Si pour mon repos veux aller

105 340 468 46 Deuers luy prendre mon ſoulas:

106 381 425 44 Satan ſans plus guere tarder,

108 417 442 49 Me faict guetter, las, pas à pas:

106 460 325 45 Mais quoy qu’il face,

109 500 278 43 Ou qu’il menace,

107 533 499 50 I’auray touſiours mon bon plaiſir,

108 574 396 50 En Ieſus, qui eſt mon deſir.

146 614 427 48 Ce bon Dieu ſ’eſt venu loger,

107 654 456 50 Auecque moy pour ſon plaiſir:

108 695 401 43 Point ne l’ay volu deſloger.

107 732 472 48 Mais ſus tous l’ay voulu choiſir,

109 772 265 47 Suyuant ſa traſſe,

108 810 263 46 Et il m’embraſſe,

108 849 459 46 Mes delicts comme il eſt eſcrit,

109 887 353 49 A effacé ce Ieſus Chriſt.

148 925 450 50 Helas mon Dieu à qui tient-il,

115 967 456 48 Que Ieſus n’eſt de tous cogneu?

115 1008 460 47 Qui l’ignore eſt pis que Gentil,

111 1045 389 59 Et pour tel doit eſtre tenu:
