777 1183
135 70 549 50 Bien eſt vray que ſainct eſt ton Nom,

96 113 522 48 En toy Seigneur, mais en nous non,

96 152 398 46 Car chaſcun te blaſpheme:

97 192 453 47 Fay que cognu ſoit ton renom,

96 230 364 49 Auſſi preſché de meſme.

254 299 277 53 Ton regne aduienne

140 378 452 54 Regne ſeul, o Roy valeureux,

100 422 537 49 Es cœurs humains, & qu’en tous eux

99 463 327 43 Ne ſe trouue hauteſſe

96 501 500 49 Laquelle ſous ton ſceptre heureux.

99 540 415 48 Humblement ne ſ’abbaiſſe.

140 581 464 45 Tandis par ton effort vainqueur

98 619 510 50 Fay que l’aduerſaire ait vain cœur,

100 659 403 47 Et ſous ta grand puiſſance:

100 699 371 44 Couſte ta celeſte liqueur,

101 738 358 50 Qui ha ta cognoiſſance.

104 811 594 57 Ta volonté ſoit faicte en la terre comme au cigl.

141 888 501 59 Et pourtant que l’homme peruers

101 933 459 51 Prompt à cheminer de trauers,

101 974 357 53 Se deſtourne & deſuoye:

187 28 314 44 SPIRITVELLES.

673 34 13 35 I

553 1008 75 51 B.ii.
