782 1168
87 40 62 46 208

268 36 252 45 CHANSONS

83 268 51 70 C

99 78 603 53 De Charité, ſur le chap.13. de la premiere aux

123 123 169 45 Corinthiens.

101 200 607 52 Sur le chant, D’eſtre amoureux, &c. Iamais

123 278 476 50 Harité eſt d’amour le vray lien,

127 320 583 48 Fondee en foy, par douce conioincture,

84 358 542 44 Ne faiſant qu’vn Dieu & ſa creature,

88 397 607 48 Qui auroit tout, ſans elle il n’auroit rien.

123 435 559 48 Si l’homme eſtoit parfait rethoricien,

86 476 529 47 Et la langue eut d’angelique nature,

86 515 571 42 Bien l’entendant, & d’humaine facture:

89 554 528 43 Sans charité, tout ne luy ſert de rien.

124 593 563 48 S’il cognoiſſoit clerement, ſans moyen,

89 633 572 47 Tous les ſecretz de la ſaincte Eſcriture:

86 672 545 48 Des Prophetes l’intelligence obſcure,

90 713 255 44 Sans charité, &c.

124 749 540 49 Si foy auoit ſans demander combien.

92 789 529 50 Voyre qu’il peut par ſa ſeule parlure

89 830 603 48 Mons tranſporter ſans leur faire fracture,

90 869 247 40 Sans charité, &c.

131 902 540 50 Quãd il voudroit à chaſcun dire tien,

89 947 583 45 Donnant ſes biens d’vne intention pure,

88 985 531 52 Aux indigens pour auoir nourriture,

88 1022 243 57 Sans charité, &c.
