809 1182
623 65 64 36 209

83 48 417 55 SPIRITVELLES.

120 98 572 53 Quand il donroit ſa perſonne à vn chiẽ,

83 142 462 47 Perſecuté, pour endurer arſure,

81 181 572 50 Iuſqu’à la mort ou autre grand' torture,

124 221 253 42 Sans charité, &c.

82 259 439 47 Charité ha gracieux entretien.

80 300 551 44 Souffre tout mal, toute parolle endure

82 339 590 45 Patiemment ſans courroux ou murmure,

120 376 516 46 Car charité ne penſe que tout bien.

82 416 597 45 Pour mal-diſans ne change ſon maintien,

81 458 616 44 Rend bien pour mal, & grace pour iniure.

81 494 617 49 Et ne ſ'enfle d’orgueil qui n’eſt qu’ordure.

117 533 244 45 Car charité, &c.

84 571 548 46 Charité quiert non pas ce qui eſt ſien.

83 611 562 48 Mais en Ieſus Chriſt met toute ſa cure,

83 651 471 49 A luy ſeruir, & ſa gloire procure.

121 692 239 43 Car charité, &c.

84 728 490 46 Le Teſtament nouueu & l’ancien,

83 768 476 45 Eſt d’elle creu, ſans inueſtigature

84 807 549 49 D’autre raiſon tant ſoit la choſe dure.

122 849 247 42 Car charité, &c.

85 884 534 47 Tout eſperant attend qu’on die, vien

88 925 474 44 En paradis auoir douce paſture,

81 963 578 49 Mais c’eſt en foy non point à l’auenture.

125 1004 241 45 Car charité, &c.

80 1038 581 64 Pourtant ſupplie à vn chaſcun Chreſtien,

508 1082 66 56 O .i.
