<?xml version="1.0" encoding="UTF-8"?>
<alto xmlns:xsi="http://www.w3.org/2001/XMLSchema-instance"
      xmlns="http://www.loc.gov/standards/alto/ns-v4#"
      xsi:schemaLocation="http://www.loc.gov/standards/alto/ns-v4# http://www.loc.gov/standards/alto/v4/alto-4-2.xsd">
  <Description>
    <MeasurementUnit>pixel</MeasurementUnit>
    <sourceImageInformation>
      <fileName>214_8cade_default.jpg</fileName>
      <fileIdentifier>https://iiif.onb.ac.at/images/ABO/Z167383706/00000215/full/full/0/default.jpg</fileIdentifier>
    </sourceImageInformation>
  </Description>
  <Tags>
    <OtherTag ID="BT7" LABEL="CustomZone" DESCRIPTION="block type CustomZone"/><OtherTag ID="BT8" LABEL="DamageZone" DESCRIPTION="block type DamageZone"/><OtherTag ID="BT9" LABEL="DigitizationArtefactZone" DESCRIPTION="block type DigitizationArtefactZone"/><OtherTag ID="BT10" LABEL="DropCapitalZone" DESCRIPTION="block type DropCapitalZone"/><OtherTag ID="BT11" LABEL="GraphicZone" DESCRIPTION="block type GraphicZone"/><OtherTag ID="BT12" LABEL="MainZone" DESCRIPTION="block type MainZone"/><OtherTag ID="BT13" LABEL="MarginTextZone" DESCRIPTION="block type MarginTextZone"/><OtherTag ID="BT14" LABEL="MusicZone" DESCRIPTION="block type MusicZone"/><OtherTag ID="BT15" LABEL="NumberingZone" DESCRIPTION="block type NumberingZone"/><OtherTag ID="BT17" LABEL="QuireMarksZone" DESCRIPTION="block type QuireMarksZone"/><OtherTag ID="BT18" LABEL="RunningTitleZone" DESCRIPTION="block type RunningTitleZone"/><OtherTag ID="BT19" LABEL="SealZone" DESCRIPTION="block type SealZone"/><OtherTag ID="BT20" LABEL="StampZone" DESCRIPTION="block type StampZone"/><OtherTag ID="BT21" LABEL="TableZone" DESCRIPTION="block type TableZone"/><OtherTag ID="BT22" LABEL="TitlePageZone" DESCRIPTION="block type TitlePageZone"/>
    <OtherTag ID="LT7" LABEL="CustomLine" DESCRIPTION="line type CustomLine"/><OtherTag ID="LT8" LABEL="DefaultLine" DESCRIPTION="line type DefaultLine"/><OtherTag ID="LT9" LABEL="DropCapitalLine" DESCRIPTION="line type DropCapitalLine"/><OtherTag ID="LT10" LABEL="HeadingLine" DESCRIPTION="line type HeadingLine"/><OtherTag ID="LT11" LABEL="InterlinearLine" DESCRIPTION="line type InterlinearLine"/><OtherTag ID="LT12" LABEL="MusicLine" DESCRIPTION="line type MusicLine"/><OtherTag ID="LT1205" LABEL="default" DESCRIPTION="line type default"/>
  </Tags>
  <Layout>
    <Page WIDTH="806"
          HEIGHT="1183"
          PHYSICAL_IMG_NR="214"
          ID="eSc_dummypage_">
      <PrintSpace HPOS="0"
                  VPOS="0"
                  WIDTH="806"
                  HEIGHT="1183">
        <TextBlock HPOS="629"
                   VPOS="54"
                   WIDTH="85"
                   HEIGHT="62"
                   ID="eSc_textblock_96fc5c08"
                   TAGREFS="BT15">
          <Shape><Polygon POINTS="629 54 629 116 714 116 714 54"/></Shape>
          <TextLine ID="eSc_line_2aea69c1"
                    TAGREFS="LT8"
                    BASELINE="644 95 700 93" 
                    HPOS="642"
                    VPOS="67"
                    WIDTH="58"
                    HEIGHT="51">
            <Shape><Polygon POINTS="696 71 688 67 687 67 687 67 686 67 665 72 655 68 654 68 654 68 642 69 644 95 644 116 668 118 669 118 669 118 670 118 670 117 681 108 700 107 700 93 699 88 696 71"/></Shape>
            <String CONTENT="211"
                    HPOS="642"
                    VPOS="67"
                    WIDTH="58"
                    HEIGHT="51"
                    WC="0.9999366998672485"></String>
          </TextLine>
        </TextBlock>
        <TextBlock HPOS="158"
                   VPOS="51"
                   WIDTH="351"
                   HEIGHT="61"
                   ID="eSc_textblock_c58cd049"
                   TAGREFS="BT18">
          <Shape><Polygon POINTS="158 51 158 112 509 112 509 51"/></Shape>
          <TextLine ID="eSc_line_420937c6"
                    TAGREFS="LT10"
                    BASELINE="171 100 500 94" 
                    HPOS="170"
                    VPOS="65"
                    WIDTH="330"
                    HEIGHT="45">
            <Shape><Polygon POINTS="486 69 479 69 473 69 466 69 460 69 453 69 447 69 440 69 433 69 427 68 420 68 414 68 407 68 401 68 394 68 387 68 381 67 374 67 368 67 361 67 355 67 348 67 343 67 341 67 340 67 335 67 328 67 322 67 315 67 308 67 302 67 295 66 291 66 273 68 249 65 242 65 236 65 192 70 184 67 183 67 182 67 170 70 171 100 171 109 243 105 280 110 281 110 282 110 282 109 287 105 308 109 309 109 310 109 324 104 334 104 339 108 339 109 340 109 341 109 371 105 389 108 390 108 406 103 418 106 419 106 420 106 433 103 449 107 450 107 499 105 500 94 498 69 493 69"/></Shape>
            <String CONTENT="SPIRITVELLES."
                    HPOS="170"
                    VPOS="65"
                    WIDTH="330"
                    HEIGHT="45"
                    WC="0.9997476110091577"></String>
          </TextLine>
        </TextBlock>
        <TextBlock HPOS="70"
                   VPOS="632"
                   WIDTH="71"
                   HEIGHT="70"
                   ID="eSc_textblock_643b787b"
                   TAGREFS="BT10">
          <Shape><Polygon POINTS="70 632 70 702 141 702 141 632"/></Shape>
          <TextLine ID="eSc_line_52972564"
                    TAGREFS="LT9"
                    BASELINE="82 677 120 677" 
                    HPOS="81"
                    VPOS="617"
                    WIDTH="38"
                    HEIGHT="79">
            <Shape><Polygon POINTS="81 693 118 696 119 676 119 624 105 617 104 617 103 617 81 621 81 676"/></Shape>
            <String CONTENT="L"
                    HPOS="81"
                    VPOS="617"
                    WIDTH="38"
                    HEIGHT="79"
                    WC="0.9994980096817017"></String>
          </TextLine>
        </TextBlock>
        <TextBlock HPOS="66"
                   VPOS="113"
                   WIDTH="658"
                   HEIGHT="988"
                   ID="eSc_textblock_6509f831"
                   TAGREFS="BT12">
          <Shape><Polygon POINTS="66 1101 66 113 724 115 724 1101"/></Shape>
          <TextLine ID="eSc_line_68c78e47"
                    TAGREFS="LT8"
                    BASELINE="121 145 468 141" 
                    HPOS="120"
                    VPOS="107"
                    WIDTH="348"
                    HEIGHT="52">
            <Shape><Polygon POINTS="121 145 121 152 132 158 132 158 133 158 158 154 163 158 163 159 163 159 164 159 165 159 187 159 187 159 188 159 188 159 199 151 230 158 231 158 232 158 232 158 242 151 297 157 298 157 328 150 341 157 341 157 342 157 369 157 369 157 370 157 370 157 381 150 408 156 408 157 450 157 450 156 451 156 468 148 468 141 466 117 441 117 426 107 426 107 425 107 424 107 339 110 339 110 338 110 326 118 306 118 282 109 281 109 265 109 264 109 264 109 263 109 263 109 257 115 204 109 203 109 203 109 202 109 186 119 120 115 121 145"/></Shape>
            <String CONTENT="Seigneur donne plaiſir,"
                    HPOS="120"
                    VPOS="107"
                    WIDTH="348"
                    HEIGHT="52"
                    WC="0.9878799889398657"></String>
          </TextLine>
          <TextLine ID="eSc_line_e3d69572"
                    TAGREFS="LT8"
                    BASELINE="86 184 426 181" 
                    HPOS="84"
                    VPOS="143"
                    WIDTH="341"
                    HEIGHT="49">
            <Shape><Polygon POINTS="85 183 85 192 424 188 425 180 424 154 388 143 387 143 386 143 385 143 364 153 322 144 321 144 320 144 319 144 307 155 278 155 256 144 255 144 254 144 253 144 235 151 204 146 203 146 202 146 201 146 201 147 191 155 84 146 85 183"/></Shape>
            <String CONTENT="De ton ſoulas accueil,"
                    HPOS="84"
                    VPOS="143"
                    WIDTH="341"
                    HEIGHT="49"
                    WC="0.9910531450401653"></String>
          </TextLine>
          <TextLine ID="eSc_line_85fa5fb3"
                    TAGREFS="LT8"
                    BASELINE="87 221 430 217" 
                    HPOS="85"
                    VPOS="183"
                    WIDTH="344"
                    HEIGHT="51">
            <Shape><Polygon POINTS="86 220 86 229 142 234 143 234 174 229 197 233 198 233 242 228 254 233 255 233 256 233 257 233 283 227 333 232 334 232 428 226 429 216 427 187 342 183 341 183 182 191 176 186 176 185 175 185 174 185 173 185 85 193 86 220"/></Shape>
            <String CONTENT="Vueilles moy deſſaiſir,"
                    HPOS="85"
                    VPOS="183"
                    WIDTH="344"
                    HEIGHT="51"
                    WC="0.9978540824807208"></String>
          </TextLine>
          <TextLine ID="eSc_line_bea8bfb9"
                    TAGREFS="LT8"
                    BASELINE="80 262 476 257" 
                    HPOS="80"
                    VPOS="224"
                    WIDTH="413"
                    HEIGHT="49">
            <Shape><Polygon POINTS="80 270 84 273 85 273 86 273 122 268 139 268 143 272 144 272 145 272 169 268 192 271 193 271 245 266 267 266 272 270 273 270 274 270 275 270 293 266 368 269 369 269 370 269 377 264 395 268 396 268 474 267 493 262 493 256 491 231 463 231 453 224 452 224 451 224 437 225 436 225 428 231 393 227 392 227 391 227 391 228 387 232 368 232 357 226 356 226 355 226 331 232 324 226 323 226 322 226 312 226 311 226 310 226 301 233 285 234 262 234 252 227 251 227 250 227 219 228 218 228 197 235 189 235 182 229 182 228 181 228 180 228 179 228 167 232 163 229 163 228 162 228 161 228 142 235 109 230 80 230 80 262"/></Shape>
            <String CONTENT="Et mettre hors de ce dueil,"
                    HPOS="80"
                    VPOS="224"
                    WIDTH="413"
                    HEIGHT="49"
                    ></String>
          </TextLine>
          <TextLine ID="eSc_line_0b661893"
                    TAGREFS="LT8"
                    BASELINE="81 299 461 297" 
                    HPOS="80"
                    VPOS="264"
                    WIDTH="381"
                    HEIGHT="47">
            <Shape><Polygon POINTS="81 299 81 311 112 311 112 310 113 310 113 310 113 310 117 306 145 310 145 311 174 311 174 310 174 310 175 310 180 307 209 310 209 310 210 310 225 306 247 306 253 310 253 310 254 310 255 310 301 310 301 310 302 310 310 306 334 309 335 309 362 305 379 308 380 308 381 308 381 308 387 305 460 307 461 297 460 272 444 264 443 264 419 264 418 264 418 264 401 272 391 264 391 264 390 264 376 264 375 264 374 264 355 272 333 272 305 268 305 268 276 272 269 266 269 265 268 265 268 265 234 265 233 265 232 265 232 265 223 271 217 267 216 267 216 267 176 266 175 266 174 266 174 266 162 274 107 274 92 267 91 267 90 267 90 267 89 267 80 272 81 299"/></Shape>
            <String CONTENT="Car ce lieu bien me dueil,"
                    HPOS="80"
                    VPOS="264"
                    WIDTH="381"
                    HEIGHT="47"
                    WC="0.9867437802828275"></String>
          </TextLine>
          <TextLine ID="eSc_line_72961bd6"
                    TAGREFS="LT8"
                    BASELINE="80 338 452 334" 
                    HPOS="78"
                    VPOS="303"
                    WIDTH="373"
                    HEIGHT="44">
            <Shape><Polygon POINTS="79 337 79 347 450 347 451 333 448 303 78 306 79 337"/></Shape>
            <String CONTENT="Ie le predis vrayement,"
                    HPOS="78"
                    VPOS="303"
                    WIDTH="373"
                    HEIGHT="44"
                    WC="0.9980284338412078"></String>
          </TextLine>
          <TextLine ID="eSc_line_584b33b9"
                    TAGREFS="LT8"
                    BASELINE="84 376 487 371" 
                    HPOS="83"
                    VPOS="341"
                    WIDTH="404"
                    HEIGHT="50">
            <Shape><Polygon POINTS="84 376 84 386 89 390 90 390 90 390 91 391 136 391 136 390 136 390 137 390 137 389 140 387 169 389 170 389 170 389 171 389 176 385 198 385 239 389 239 389 273 388 274 388 274 388 279 384 303 388 304 388 305 388 314 383 322 387 322 387 323 388 365 388 365 387 366 387 366 387 373 383 393 383 397 386 397 387 398 387 399 387 399 387 439 382 487 385 487 371 486 343 460 341 460 341 435 347 425 342 424 342 382 342 381 342 381 342 380 342 370 350 356 350 335 343 335 343 334 343 333 343 333 343 324 350 284 350 280 347 280 346 280 346 279 346 263 345 262 345 262 345 246 350 237 347 236 347 236 347 208 350 184 345 183 345 182 345 182 345 181 345 172 351 107 345 107 345 106 345 83 351 84 376"/></Shape>
            <String CONTENT="Quand me monſtres à l’œil"
                    HPOS="83"
                    VPOS="341"
                    WIDTH="404"
                    HEIGHT="50"
                    WC="0.9870080283054938"></String>
          </TextLine>
          <TextLine ID="eSc_line_908adfe3"
                    TAGREFS="LT8"
                    BASELINE="82 417 406 413" 
                    HPOS="82"
                    VPOS="381"
                    WIDTH="324"
                    HEIGHT="52">
            <Shape><Polygon POINTS="82 417 82 429 128 433 128 433 129 433 130 433 138 427 186 427 191 431 191 431 192 431 193 432 215 432 215 431 216 431 216 431 216 431 220 428 230 431 231 431 232 431 265 426 281 431 282 431 282 431 283 431 295 426 328 430 328 430 329 430 330 430 330 429 333 426 360 429 361 429 362 429 380 425 390 429 391 429 391 429 392 429 406 423 406 413 404 387 371 381 370 381 370 381 369 381 362 387 339 384 338 384 337 384 330 387 324 383 323 383 322 383 322 383 321 383 308 387 297 382 297 382 296 382 254 383 253 383 253 383 247 388 224 383 224 383 223 383 211 389 170 384 170 384 169 384 161 389 111 390 82 385 82 417"/></Shape>
            <String CONTENT="De Ioſeph veſtement."
                    HPOS="82"
                    VPOS="381"
                    WIDTH="324"
                    HEIGHT="52"
                    WC="0.9938440948724747"></String>
          </TextLine>
          <TextLine ID="eSc_line_603bc6ea"
                    TAGREFS="LT10"
                    BASELINE="301 492 493 491" 
                    HPOS="300"
                    VPOS="460"
                    WIDTH="193"
                    HEIGHT="46">
            <Shape><Polygon POINTS="485 467 470 463 464 463 458 463 451 462 447 462 439 464 431 460 425 460 424 460 412 463 396 460 395 460 394 460 381 469 347 463 346 463 332 469 322 462 320 463 316 463 308 470 300 470 301 492 301 500 312 506 313 506 314 506 347 506 348 506 360 500 392 500 396 504 397 504 398 504 399 504 403 500 408 505 409 505 410 505 410 506 452 506 452 505 453 505 460 500 493 501 493 491 491 477"/></Shape>
            <String CONTENT="Autre chanſon."
                    HPOS="300"
                    VPOS="460"
                    WIDTH="193"
                    HEIGHT="46"
                    WC="0.9817161091736385"></String>
          </TextLine>
          <TextLine ID="eSc_line_622024f3"
                    TAGREFS="LT10"
                    BASELINE="122 554 704 551" 
                    HPOS="121"
                    VPOS="518"
                    WIDTH="583"
                    HEIGHT="64">
            <Shape><Polygon POINTS="672 518 671 518 670 518 660 525 639 518 638 518 637 518 636 518 621 528 562 528 546 521 545 521 544 521 527 529 458 529 437 519 436 519 435 519 410 529 381 529 374 525 373 525 372 525 342 527 333 521 332 521 331 521 330 521 322 525 314 521 313 521 312 521 311 521 303 527 292 525 291 525 263 529 249 520 248 520 184 520 183 520 182 520 164 525 145 520 144 520 143 520 121 526 122 554 122 569 255 569 285 582 286 582 287 582 305 577 314 581 315 581 353 582 377 578 416 581 417 581 418 581 427 577 434 582 435 582 436 582 437 582 449 577 456 581 457 581 512 582 513 582 514 582 521 579 592 582 593 582 637 576 662 581 663 581 704 567 704 551 703 523 700 522"/></Shape>
            <String CONTENT="Sur le chant, I’atten ſecours de ma ſeule"
                    HPOS="121"
                    VPOS="518"
                    WIDTH="583"
                    HEIGHT="64"
                    WC="0.9860470716546221"></String>
          </TextLine>
          <TextLine ID="eSc_line_dc39d7fe"
                    TAGREFS="LT10"
                    BASELINE="163 592 278 590" 
                    HPOS="162"
                    VPOS="559"
                    WIDTH="116"
                    HEIGHT="55">
            <Shape><Polygon POINTS="163 614 216 611 217 611 241 598 278 598 278 590 276 572 260 572 243 559 242 559 241 559 224 559 223 559 222 559 213 565 206 563 205 563 204 563 203 563 198 568 190 562 189 562 188 562 162 569 163 592"/></Shape>
            <String CONTENT="penſee."
                    HPOS="162"
                    VPOS="559"
                    WIDTH="116"
                    HEIGHT="55"
                    WC="0.9972973210471017"></String>
          </TextLine>
          <TextLine ID="eSc_line_5525683c"
                    TAGREFS="LT8"
                    BASELINE="125 652 652 653" 
                    HPOS="124"
                    VPOS="617"
                    WIDTH="528"
                    HEIGHT="49">
            <Shape><Polygon POINTS="651 627 644 626 638 626 631 625 625 625 618 624 612 624 606 623 605 625 568 625 541 618 541 618 540 618 530 622 522 618 521 618 521 618 520 618 508 625 465 625 451 618 450 618 388 617 387 617 387 617 373 621 368 617 368 617 367 617 366 617 297 621 270 617 269 617 268 617 260 621 232 617 231 617 230 617 220 623 191 617 191 617 190 617 174 623 166 617 166 617 165 617 155 617 155 617 154 617 153 617 143 623 125 623 125 652 124 660 159 663 159 663 180 660 189 665 189 665 190 665 191 666 206 666 206 665 232 660 242 663 243 663 243 663 329 660 343 664 344 664 345 664 374 660 388 666 389 666 389 666 566 661 581 666 581 666 582 666 605 663 650 666 652 653 651 627 651 627"/></Shape>
            <String CONTENT="e Iuſte ira au ſainct Dieu tabernacle,"
                    HPOS="124"
                    VPOS="617"
                    WIDTH="528"
                    HEIGHT="49"
                    WC="0.9723571601666903"></String>
          </TextLine>
          <TextLine ID="eSc_line_2d105d9f"
                    TAGREFS="LT8"
                    BASELINE="124 692 568 690" 
                    HPOS="124"
                    VPOS="659"
                    WIDTH="444"
                    HEIGHT="44">
            <Shape><Polygon POINTS="124 692 124 698 141 703 142 703 142 703 143 703 158 698 289 703 290 703 291 703 299 699 385 702 385 702 424 697 434 702 435 702 435 702 436 702 447 697 464 702 465 702 466 702 466 702 467 702 473 697 495 702 496 702 525 699 555 702 556 702 556 702 568 697 568 690 567 669 499 667 489 659 488 659 487 659 487 659 448 666 440 659 440 659 439 659 439 659 426 659 426 659 425 659 424 659 415 667 405 665 404 665 404 665 403 665 398 668 377 659 376 659 376 659 323 669 309 665 308 665 308 665 307 665 291 669 280 659 279 659 278 659 278 659 213 661 212 661 186 668 170 667 159 659 159 659 158 659 157 659 124 662 124 692"/></Shape>
            <String CONTENT="Et auec Dieu au lieu heritera,"
                    HPOS="124"
                    VPOS="659"
                    WIDTH="444"
                    HEIGHT="44"
                    ></String>
          </TextLine>
          <TextLine ID="eSc_line_1576a272"
                    TAGREFS="LT8"
                    BASELINE="91 734 207 730 550 731" 
                    HPOS="90"
                    VPOS="699"
                    WIDTH="460"
                    HEIGHT="46">
            <Shape><Polygon POINTS="91 734 91 745 122 738 144 738 150 742 151 742 151 742 152 742 153 742 163 738 276 738 293 744 294 744 295 745 326 745 326 744 326 744 327 744 333 739 349 738 378 744 378 745 407 745 407 744 408 744 416 740 438 743 439 743 439 743 454 740 462 743 463 743 464 743 464 743 465 743 471 738 479 742 480 742 533 744 534 744 535 744 550 738 550 731 548 704 516 705 497 699 497 699 496 699 470 705 462 699 462 699 461 699 460 699 433 703 400 699 399 699 399 699 379 705 359 699 358 699 358 699 357 699 347 705 320 705 310 699 310 699 309 699 308 699 308 699 287 705 280 699 279 699 278 699 259 699 258 699 257 699 257 699 246 705 213 705 201 699 201 699 174 699 174 699 173 699 162 704 120 705 109 699 108 699 90 699 91 734"/></Shape>
            <String CONTENT="Dont le maling en exheritera,"
                    HPOS="90"
                    VPOS="699"
                    WIDTH="460"
                    HEIGHT="46"
                    WC="0.9821471222515764"></String>
          </TextLine>
          <TextLine ID="eSc_line_5ccebaa8"
                    TAGREFS="LT8"
                    BASELINE="86 773 264 768 650 770" 
                    HPOS="85"
                    VPOS="738"
                    WIDTH="565"
                    HEIGHT="44">
            <Shape><Polygon POINTS="86 773 86 782 164 778 175 781 176 781 176 781 177 781 185 778 245 781 246 781 267 778 298 781 299 781 341 778 351 781 352 781 353 781 353 781 360 778 371 781 372 781 372 781 650 778 650 770 650 744 633 744 622 738 621 738 621 738 575 742 543 738 542 738 541 738 520 743 504 738 503 738 502 738 502 738 490 743 474 738 474 738 473 738 449 743 427 738 427 738 426 738 426 738 416 743 373 740 372 740 347 743 330 738 330 738 329 738 303 743 296 738 295 738 295 738 282 738 281 738 249 743 242 738 241 738 241 738 229 738 228 738 228 738 217 744 195 744 185 738 184 738 166 738 166 738 165 738 153 743 118 739 118 739 117 739 117 739 111 742 95 740 94 740 94 740 85 743 86 773"/></Shape>
            <String CONTENT="Dieu ſoit loué qui monſtre tel miracle,"
                    HPOS="85"
                    VPOS="738"
                    WIDTH="565"
                    HEIGHT="44"
                    WC="0.9979305282235146"></String>
          </TextLine>
          <TextLine ID="eSc_line_51542937"
                    TAGREFS="LT8"
                    BASELINE="132 810 606 809" 
                    HPOS="130"
                    VPOS="773"
                    WIDTH="475"
                    HEIGHT="50">
            <Shape><Polygon POINTS="131 809 131 822 420 818 470 823 471 823 472 823 473 823 481 818 552 823 553 823 579 818 603 823 605 808 603 782 572 775 571 775 570 775 569 775 558 782 525 782 505 773 504 773 412 773 411 773 410 773 383 782 360 782 352 774 352 773 351 773 350 773 326 773 325 773 324 773 323 773 323 774 315 782 289 782 280 774 280 773 279 773 278 773 277 773 276 773 255 781 200 773 199 773 130 775 131 809"/></Shape>
            <String CONTENT="Qui pur ſera ſ&#x27;en ira au Senacle,"
                    HPOS="130"
                    VPOS="773"
                    WIDTH="475"
                    HEIGHT="50"
                    ></String>
          </TextLine>
          <TextLine ID="eSc_line_1b3f364f"
                    TAGREFS="LT8"
                    BASELINE="93 848 524 847" 
                    HPOS="92"
                    VPOS="815"
                    WIDTH="432"
                    HEIGHT="47">
            <Shape><Polygon POINTS="93 848 93 858 142 862 142 862 143 862 160 856 170 859 170 859 171 859 189 856 195 860 196 860 197 860 197 860 198 860 199 860 203 857 257 856 270 860 271 860 272 860 286 857 292 862 293 862 293 862 294 862 295 862 313 856 331 860 332 860 333 860 333 860 342 856 358 859 359 859 393 856 413 862 414 862 414 862 458 862 458 862 458 862 459 862 464 858 492 862 493 862 523 855 524 847 523 824 504 824 496 816 496 815 495 815 495 815 494 815 450 816 450 816 434 824 418 824 408 815 407 815 406 815 406 815 405 815 385 824 353 824 342 815 341 815 341 815 328 815 328 815 327 815 326 815 321 820 299 815 299 815 298 815 297 815 287 822 274 815 273 815 272 815 236 818 226 815 225 815 224 815 224 815 208 824 138 824 130 816 130 816 130 816 129 816 128 816 128 816 118 820 107 817 107 817 106 817 92 819 93 848"/></Shape>
            <String CONTENT="Qui verité de ſa bouche dira,"
                    HPOS="92"
                    VPOS="815"
                    WIDTH="432"
                    HEIGHT="47"
                    WC="0.9765585561593374"></String>
          </TextLine>
          <TextLine ID="eSc_line_ea9c7448"
                    TAGREFS="LT8"
                    BASELINE="86 889 213 886 593 887" 
                    HPOS="86"
                    VPOS="855"
                    WIDTH="507"
                    HEIGHT="44">
            <Shape><Polygon POINTS="86 889 86 899 109 899 109 899 110 899 111 899 116 895 128 899 128 899 129 899 162 895 172 899 172 899 173 899 203 896 246 899 247 899 247 899 257 895 339 895 358 899 359 899 405 895 422 899 422 899 423 899 424 899 433 895 455 899 456 899 493 895 517 899 518 899 541 895 548 899 549 899 579 899 580 899 581 899 592 894 593 887 592 864 567 864 561 860 560 860 560 860 559 860 558 860 558 860 552 864 508 864 474 856 474 856 413 864 401 855 400 855 399 855 399 855 379 858 367 855 366 855 366 855 365 855 364 855 360 859 355 855 354 855 353 855 282 855 282 855 281 855 261 863 241 855 240 855 239 855 239 855 238 855 224 864 200 864 192 858 191 858 191 858 190 858 189 858 172 864 166 858 165 858 165 858 164 858 126 864 111 857 110 857 86 855 86 889"/></Shape>
            <String CONTENT="Et au prochain iamais ne mentira,"
                    HPOS="86"
                    VPOS="855"
                    WIDTH="507"
                    HEIGHT="44"
                    WC="0.9885120735023961"></String>
          </TextLine>
          <TextLine ID="eSc_line_f9f16093"
                    TAGREFS="LT8"
                    BASELINE="88 929 213 926 623 926" 
                    HPOS="88"
                    VPOS="893"
                    WIDTH="535"
                    HEIGHT="46">
            <Shape><Polygon POINTS="88 929 88 936 130 939 130 939 131 939 132 939 138 934 163 934 174 939 174 939 175 939 176 939 187 934 220 934 227 939 228 939 228 939 229 939 268 939 268 939 269 939 270 939 276 934 295 934 303 939 303 939 304 939 305 939 305 939 315 934 324 939 324 939 325 939 370 939 370 939 420 934 427 937 428 937 429 937 429 937 439 935 468 939 469 939 470 939 480 935 489 939 490 939 491 939 573 939 573 939 622 933 623 926 622 895 591 893 590 893 589 893 589 893 577 901 549 901 539 895 539 895 538 895 537 895 523 899 497 893 496 893 463 897 452 894 452 894 451 894 450 894 450 894 440 900 429 895 428 895 427 895 427 895 412 900 359 900 341 893 341 893 268 893 267 893 266 893 251 899 212 897 211 897 211 897 201 901 177 901 168 893 167 893 166 893 166 893 141 898 120 895 120 895 119 895 106 899 94 893 94 893 93 893 92 893 88 895 88 929"/></Shape>
            <String CONTENT="Ne deceura, tel digne eſt de ſpectacle."
                    HPOS="88"
                    VPOS="893"
                    WIDTH="535"
                    HEIGHT="46"
                    WC="0.978524584036607"></String>
          </TextLine>
          <TextLine ID="eSc_line_7c9e4e71"
                    TAGREFS="LT8"
                    BASELINE="127 966 631 966" 
                    HPOS="127"
                    VPOS="933"
                    WIDTH="504"
                    HEIGHT="49">
            <Shape><Polygon POINTS="127 966 127 974 141 977 142 977 142 977 143 977 143 977 148 974 178 977 179 977 221 974 232 981 232 981 233 981 234 981 255 979 256 979 257 979 265 974 291 980 291 980 318 977 329 981 330 981 330 982 370 982 370 981 370 981 371 981 382 974 429 974 455 981 456 981 456 982 495 982 495 981 495 981 496 981 500 978 523 981 524 981 525 981 536 976 550 979 551 979 577 974 614 981 614 981 631 978 631 966 631 940 606 940 594 935 593 935 592 935 592 935 583 940 564 940 521 934 520 934 520 934 519 934 512 940 498 940 490 933 489 933 489 933 447 933 447 933 446 933 433 939 419 939 411 933 410 933 410 933 384 933 383 933 383 933 372 939 360 934 360 934 359 934 358 934 358 934 350 940 331 940 311 933 310 933 274 933 273 933 272 933 264 938 252 935 251 935 251 935 250 935 235 939 222 933 221 933 220 933 220 933 205 939 192 934 191 934 191 934 190 934 177 939 161 934 161 934 160 934 159 934 147 938 133 933 132 933 132 933 131 933 130 933 127 936 127 966"/></Shape>
            <String CONTENT="Mais le maling n’ira en habitacle,"
                    HPOS="127"
                    VPOS="933"
                    WIDTH="504"
                    HEIGHT="49"
                    ></String>
          </TextLine>
          <TextLine ID="eSc_line_e29b53ef"
                    TAGREFS="LT8"
                    BASELINE="86 1005 518 1006" 
                    HPOS="85"
                    VPOS="970"
                    WIDTH="433"
                    HEIGHT="46">
            <Shape><Polygon POINTS="86 1005 85 1012 88 1015 88 1016 89 1016 90 1016 90 1016 117 1012 171 1012 175 1016 176 1016 176 1016 177 1016 178 1016 178 1016 184 1012 199 1016 199 1016 217 1012 243 1016 244 1016 275 1016 275 1016 276 1016 276 1016 280 1012 318 1016 318 1016 347 1013 516 1016 518 1006 517 985 478 985 471 978 471 977 470 977 470 977 469 977 468 977 451 982 424 971 423 971 412 971 412 971 411 971 410 971 389 984 349 984 339 984 326 973 325 973 324 973 324 973 323 973 305 979 280 974 279 974 278 974 278 974 268 980 259 974 259 974 258 974 257 974 236 977 226 970 226 970 225 970 224 970 224 970 209 975 200 971 199 971 199 971 198 971 170 979 154 974 153 974 153 974 152 974 151 974 145 977 127 970 126 970 86 970 86 1005"/></Shape>
            <String CONTENT="Dieu redoutant le viuifiera,"
                    HPOS="85"
                    VPOS="970"
                    WIDTH="433"
                    HEIGHT="46"
                    ></String>
          </TextLine>
          <TextLine ID="eSc_line_51b2adce"
                    TAGREFS="LT8"
                    BASELINE="90 1044 595 1044" 
                    HPOS="90"
                    VPOS="1012"
                    WIDTH="505"
                    HEIGHT="46">
            <Shape><Polygon POINTS="90 1044 90 1053 143 1058 143 1058 144 1058 167 1052 196 1055 197 1055 215 1052 222 1058 222 1058 223 1058 224 1058 247 1058 247 1058 247 1058 248 1058 255 1052 284 1052 367 1058 368 1058 412 1052 427 1058 428 1058 429 1058 466 1058 466 1058 467 1058 478 1052 527 1055 528 1055 570 1052 579 1058 579 1058 580 1058 581 1058 595 1058 595 1044 595 1016 581 1013 581 1013 580 1013 566 1020 524 1016 523 1016 523 1016 514 1020 497 1012 497 1012 496 1012 495 1012 486 1016 481 1012 481 1012 480 1012 461 1012 460 1012 460 1012 459 1012 452 1017 422 1012 422 1012 421 1012 397 1020 349 1020 339 1014 339 1014 338 1014 337 1014 312 1020 299 1012 298 1012 297 1012 297 1012 296 1012 287 1020 268 1020 249 1014 249 1014 248 1014 216 1017 182 1012 181 1012 180 1012 180 1012 172 1018 164 1012 163 1012 163 1012 140 1012 140 1012 139 1012 128 1018 122 1012 121 1012 120 1012 101 1012 101 1012 100 1012 90 1017 90 1044"/></Shape>
            <String CONTENT="Qu’à ſon prochain, ne ſe periurera,"
                    HPOS="90"
                    VPOS="1012"
                    WIDTH="505"
                    HEIGHT="46"
                    WC="0.9524328725205528"></String>
          </TextLine>
          <TextLine ID="eSc_line_da97f1bb"
                    TAGREFS="LT8"
                    BASELINE="87 1085 549 1081" 
                    HPOS="86"
                    VPOS="1050"
                    WIDTH="463"
                    HEIGHT="58">
            <Shape><Polygon POINTS="87 1085 88 1106 101 1098 112 1105 113 1105 113 1105 114 1105 115 1105 115 1105 125 1098 147 1103 147 1103 168 1098 175 1104 176 1104 176 1104 177 1104 204 1101 212 1107 213 1107 213 1107 214 1108 239 1108 239 1107 240 1107 259 1097 280 1097 287 1102 288 1102 289 1102 289 1102 290 1102 291 1102 295 1098 306 1106 307 1106 307 1106 308 1107 338 1107 338 1106 339 1106 347 1102 362 1106 362 1106 363 1106 387 1104 387 1104 406 1096 424 1097 435 1106 436 1106 437 1106 437 1106 454 1106 454 1106 455 1106 456 1106 456 1105 461 1100 477 1102 477 1102 478 1102 496 1096 509 1102 510 1102 510 1102 511 1102 523 1095 549 1094 549 1081 548 1060 512 1060 502 1050 502 1050 501 1050 500 1050 500 1050 499 1050 485 1059 462 1055 462 1055 461 1055 448 1060 434 1056 433 1056 433 1056 408 1060 402 1054 401 1054 401 1054 400 1054 363 1060 328 1050 328 1050 327 1050 290 1056 250 1051 249 1051 249 1051 248 1051 236 1059 200 1051 199 1051 199 1051 182 1060 163 1052 163 1052 148 1052 147 1052 147 1052 146 1052 140 1056 130 1052 129 1052 86 1052 87 1085"/></Shape>
            <String CONTENT="D’vſure qui ne fera receptacle."
                    HPOS="86"
                    VPOS="1050"
                    WIDTH="463"
                    HEIGHT="58"
                    WC="0.9832817392964517"></String>
          </TextLine>
        </TextBlock>
        <TextBlock HPOS="527"
                   VPOS="1087"
                   WIDTH="101"
                   HEIGHT="54"
                   ID="eSc_textblock_a6fda420"
                   TAGREFS="BT17">
          <Shape><Polygon POINTS="527 1087 527 1141 628 1141 628 1087"/></Shape>
          <TextLine ID="eSc_line_9957cb6a"
                    TAGREFS="LT8"
                    BASELINE="539 1121 612 1119" 
                    HPOS="537"
                    VPOS="1085"
                    WIDTH="75"
                    HEIGHT="57">
            <Shape><Polygon POINTS="539 1121 539 1142 568 1142 569 1142 569 1142 569 1141 579 1133 583 1135 584 1135 585 1135 585 1135 612 1131 612 1119 611 1091 595 1085 594 1085 594 1085 593 1085 592 1085 585 1091 572 1085 571 1085 558 1085 557 1085 556 1085 537 1092 539 1121"/></Shape>
            <String CONTENT="O .ii."
                    HPOS="537"
                    VPOS="1085"
                    WIDTH="75"
                    HEIGHT="57"
                    ></String>
          </TextLine>
        </TextBlock>
      </PrintSpace>
    </Page>
  </Layout>
</alto>
