798 1183
72 68 54 41 212

257 61 240 44 CHANSONS

83 550 46 65 V

74 103 551 48 Cil n’entrera au ſainct de Dieu oracle,

72 147 559 44 Qui ſon argent en preſt ne donnera:

70 186 569 44 Comme vſurier aucun guerdon n’aura:

74 223 587 49 Qu’ainſi viura, des cieux n’aura obſtacle.

108 299 580 51 Chriſt dont tout bien vient, nous conuie à ſoy,

68 340 427 51 nous oſtant toute crainte de mort.

71 419 619 51 Sur le chant, Tous mes amis venez moy ſe¬

107 464 112 44 courir.

130 517 502 70 Enez à moy, ie vous veux ſecourir,

132 579 564 44 S’ẽ vous ne tient, ie vous dõe ma grace,

69 615 573 49 De vous aymer croyez que ne me laſſe:

70 658 534 44 A voſtre mal i’ay voulu accourir.

109 697 545 47 Viuez en foy, ne craignez de mourir:

69 740 565 42 Car en mourant, en moy aurez la vie,

65 776 585 45 Durant ſans fin, dont eſpoir vous conuie,

64 815 590 46 Bien pour ſuyuir ſans plus mal requerir.

67 855 605 46 Si pour mõ nom on voꝰ faiſoit mourir,

65 893 514 46 Croyez que mort ſera vie eternelle,

62 931 522 48 Soyez ioyeux, car gloire ſupernelle,

62 971 555 61 De moy viendra, autre ne faut querir.
