807 1182
672 54 56 58 213

226 54 337 50 SPIRITVELLES.

103 262 62 73 C

321 104 210 47 Autre chanſon.

232 174 419 53 Sur le chant, Dites ſans peur.

149 257 585 47 Ontre griefs maux dont ſõmes offenſez

145 300 524 43 Auoir nous faut la patience forte,

114 338 562 45 Tireriez vous, ie vous prie qu’y penſez,

111 378 623 48 Hors ſãs marteau, vn gros clou d’vne porte?

110 418 553 44 Entierement a vous ie m’en raporte,

113 453 552 50 Reglons nous donc a cela ſeulement,

110 496 581 46 I'entens regler, pourueu que nullement,

111 535 571 44 Ne deſtournions de Dieu noſtre fiance,

110 574 598 48 Demandons luy pour tout contentement,

111 614 461 49 Soulage nous en forte patience.

321 692 201 46 Autre chanſon.

145 766 582 52 Sur le chant, I’ay le cœur ſouuent bie◊

110 804 125 52 marri.

168 887 479 47 Ous ſommes en treſgrand ennuy

159 925 458 48 De voir l’Euangile en meſpris:

107 964 510 49 Las ce n’eſt pas ny d’hier, ny d’huy:

112 1005 487 48 Que pour bien faire on eſt repris,

108 1046 281 56 Lon nous menace,

109 888 50 83 N

512 1077 88 55 O .iii.
