797 1181
99 57 71 44 214

240 52 247 47 CHANSONS

103 95 327 50 Mais quoy qu’on face,

103 139 500 44 Nous paruiendrons, certainement

103 175 460 49 Ou l’eſpoir a prins fondement,

135 216 518 48 Pour vn temps Dieu le mal endure,

97 255 476 44 Attendant que nous retournous,

99 293 512 48 Mais quand il voit que trop il dure,

100 333 519 48 Et que plus nous nous deſtournons,

100 370 298 50 Par grand rudeſſe,

101 408 259 52 Il nous renuerſe,

101 450 522 46 Monſtrant que c’eſt luy ſeulement,

105 486 437 56 Qui faict iuſtice & iugement.

316 565 226 57 Autre chanſon.

153 648 573 49 Sur le chant, Puis que de vous ie n’ay au¬

101 688 167 50 tre viſage.

149 758 514 56 Vis que de vous ie n’ay autre viſage,

142 805 566 45 Rendre m’en vay à Dieu qui le deſſert,

101 843 525 44 Pour le prier, que ſi chaſcun ſe perd,

99 882 558 44 A ſon eſcient, ie ne ſouffre dommage,

103 920 585 48 Adieu la chair, adieu mondain ſeruage,

100 957 510 48 Adieu vous dy monde pernicieux.

99 998 588 47 Ie n’ay pas eu de vous grand aduantage,

99 1034 632 63 Du Seigneur dieu i’eſpere beaucoup mieu

96 755 41 72 P
