815 1186
686 70 56 70 215

287 57 336 49 SPIRITVELLES.

113 258 46 82 P

285 104 202 50 Autre chanſon.

152 179 558 55 Sur le chant, Pour vn plaiſir qui ſi peu.

173 254 480 55 Our vn plaiſir qui touſiours dure,

161 303 450 43 Faut endurer peine & trauaux:

120 338 437 48 Heureux eſt celuy qui endure,

121 378 469 44 Pour vn plaiſir cent mille maux.

121 416 473 46 Le monde fait ſur moy ſes ſauts:

120 457 452 45 La chair me met en aduenture,

119 497 430 48 Satan me liure durs aſſaux.

292 574 222 51 Autre chanſon.

161 650 370 52 Sur le chant, Le dueil iſſu.

170 728 558 55 'Eſt bien raiſon que facions penitence,

174 773 513 47 Et que croyons à l’Euangile ſainct,

124 809 566 49 C’eſt ſoy douloir de la mortelle offenſe,

125 849 571 50 Dont par la Loy le pecheur eſt attaint,

126 887 578 49 C’eſt confeſſer, croire de cœur non feint,

129 925 612 56 Que Ieſus Chriſt noſtre bon Dieu & Roy,

125 964 444 51 A ſatiſfait, & le peché eſteint,

123 1006 510 52 Accompliſſant entierement la Loy.

137 729 41 68 C

527 1048 100 53 O .iiii.
