805 1186
109 53 51 41 20

239 50 234 44 CHANSONS

106 100 427 49 Fay que chaſcun par l'vniuers

111 142 357 42 Touſiours ſuyue ta voye.

141 179 372 46 Deſir humain eſt vicieux,

104 220 408 47 Donc, le ſentant pernicieux,

106 258 259 46 Pere ie te ſupplie,

105 297 489 46 En la terre ainſi comme aux cieux

110 336 348 45 Tous vouloirs humilie.

142 376 471 48 Fay Seigneur que chaſcun viuant

106 417 505 44 Soit touſiours ton vouloir ſuyuant,

104 454 339 45 Renoncant à tout vice:

106 494 385 47 En foy par charité ſeruant

107 531 299 46 A tous en ſon office.

108 605 609 59 Donne nous auiourd huy nostre pain quotidien.

145 685 418 50 Pour noſtre pain à toy crions

108 728 412 49 De le nous donner te prions,

112 765 276 50 O Pere de famille:

109 807 570 51 Repais nos corps, mais nous voudrions

111 846 350 49 Pour l’eſprit l’Euangile.

147 881 489 55 En toy ſeul iettons noſtre ſoing,

110 923 445 50 Donne nous ce qui fait beſoing

114 965 442 44 Tant au corps comme à l’ame:

111 1003 499 59 Nul autre (tant ſoit pres ou loing)
