814 1186
628 65 64 47 221

158 60 359 49 SPIRITVELLES.

66 102 301 51 Là ſus à la diuinité,

61 146 365 43 Auſſi benin conſolateur

62 187 407 41 De nous en toute aduerſité.

100 226 456 47 Faites qu’ayons fiance en vous,

61 261 400 52 Non pas en la mondanité.

62 305 487 46 Et qu’en eſprit nous diſions tous,

64 339 365 52 Honneur ſoit à la Deité.

101 384 419 42 Amen, amen, o doux IESVS,

62 421 455 50 Lequel Dieu par grand' charité

61 461 358 47 Enuoyé nous a de là ſus,

61 502 352 48 Et par toy nous a viſité.

61 571 607 56 De charité & des dons de Dieu: du 1.Corint.13.

100 652 590 59 Sur le chant, Ie ne puis, &c. Ie ne puis dor

62 696 204 47 mir du talon.

84 772 354 51 E ne fay, ie ne ſcay rien,

83 815 387 46 Ie ne fay ſans charité bien.

63 856 416 46 Si de langues parloye autant

67 896 528 48 Qu’hommes & Anges tout contant.

189 934 206 45 Ie ne fay, &c.

60 967 462 52 Ie ſuis comme clairon ſonnant,

61 1012 436 48 Ou comme cymbale tinnant.

192 1052 285 52 Ie ne fay, &c.

58 760 21 79 I
