815 1184
638 57 52 50 223

266 52 318 42 SPIRITVELLES

73 404 58 74 O

70 96 585 48 Chreſtiens ſouffrez que Dieu vous aime,

67 138 509 46 Doux vous eſt benin ſans rigueur.

66 178 506 45 Il vous ſouſtient, pouuoir, vigueur,

68 217 533 46 C’eſt luy ſeul qui a bien vous meine.

196 255 344 49 Chreſtiens ſouffrez, &c.

241 332 288 52 Priere deuant le repas.

132 408 425 51 Souuerain Paſteur & Maiſtre,

120 454 399 44 Regarde ce troupeau petit,

69 492 467 46 Et de tes biens ſouffre le paiſtre,

70 531 371 45 Sans deſordonné appetit,

71 568 369 48 Nourriſſant petit à petit,

71 609 392 44 A ce iourd’huy ta creature,

73 648 437 52 Par celuy qui pour nous veſtit,

74 688 428 46 Vn corps ſubiet à nourriture.

255 761 265 52 Priere apres le repas.

127 835 435 57 Ere eternel qui nous ordonnes,

117 882 418 46 N’auoir ſouci du lendemain,

73 923 580 47 Des biens que pour ce iour nous donnes,

76 964 437 43 Te mercions de cœur humain,

76 1002 471 47 Or puis qu’il t’a pleu de ta main,

74 1041 497 61 Donner au corps manger & boire,

58 819 68 86 P
