813 1184
685 49 53 43 225

117 529 32 79 I

105 80 645 78 CANTIQVES

152 143 580 68 DE PLVSIEVRS AV¬

152 200 585 53 theurs: ou ſont comprins ceux des cinq

156 240 585 51 priſonniers executez pour le teſmoigna¬

163 279 574 50 ge de l’Euangile, à Lyon, au moisde Iuin,

155 318 579 65 L’an de noſtre Seigneur leſus Chriſt.1553

231 395 409 51 Le commencement du 5. d’Eſaie.

156 449 588 58 Sur le chant, Demeurée ſuis ſeulle eſga.

140 514 399 53 E chanteray à voix hauſſee,

149 555 514 57 Puis que ne crains plus les malheurs:

120 600 471 45 La chanſon que i’ay commencée

120 637 466 47 Du bien-aimé, ſous ſes couleurs.

121 678 428 48 En reſpirant en mes douleurs

123 717 379 47 Ie chanteray ſur l’ennemi

123 755 368 49 De la vigne de mon ami.

161 799 380 42 Mon ami auoit vne vigne

124 834 439 49 En coſtau gras & plantureux:

125 873 409 46 Fermée d’haye forte & fine,

126 912 444 49 Et l’a planté de plant heureux.

129 953 456 47 Tour y fonda, preſſoir, & creux,

127 991 437 49 Eſperant raiſins, fruit parfait:

128 1028 418 66 Et des lambruſces elle a fait.

565 1062 59 47 P .i.
