797 1182
102 48 42 57 236

283 47 275 52 CANTIQVES.

132 95 325 47 Iuda & gent Iſraelite,

99 136 426 45 Ie vous fay iuges maintenant

99 176 414 42 Entre moy & ma gent eſlite.

117 210 494 48 Qu’ay ie obmis qui fuſt conuenant?

100 252 484 46 Rien qui ſoit, i’en ſuis ſouuenant:

103 288 460 49 Et pour raiſins qu’ay ſouhaitté,

101 330 402 49 Des lambruſces a rapporté.

139 373 448 43 Ie vous diray que ie veux faire,

104 407 378 50 La cloiſon luy demoliray,

103 446 501 48 La permettant rompre & diſtraire,

104 488 373 47 Et ſans tailler la laiſſeray:

103 528 403 45 Ronces y croiſtront, & feray

104 569 432 43 Aux nues vn commandement,

105 605 430 49 De n’y plouuoir aucunement.

146 644 490 61 La vigne au Seigneur magnifique,

108 682 451 50 C’eſt d’Iſrael la grande maiſon.

105 727 411 47 Iuda en eſt la plante vnique,

105 763 389 47 Duquel il attendoit raiſon:

107 802 362 48 Mais il a rendu trahiſon.

107 841 317 49 Il en attendoit equité:

108 883 278 69 Il a rendu iniquité.
