800 1181
94 57 62 43 228

274 52 283 51 CANTIQVES.

90 103 384 48 N’attouchez choſe graſſe.

93 141 427 46 Soit net qui vaiſſeau portera

94 175 406 54 Du bon Seigneur de grace.

133 219 507 47 Vous n’irez point comme eſgarez,

96 251 446 54 Ne courrez comme fugitifs,

102 294 463 51 Tout bellement vous haſterez,

99 335 414 49 Et ſi ne ſerez plus craintifs,

100 373 396 51 Le Seigneur deuant paſſe,

100 414 405 45 Vous n’aurez plus la chaſſe.

99 450 414 53 Le Dieu D'Iſrael vos captifs,

99 493 363 50 En vn troupeau ramaſſe.

100 566 631 57 Autre cantique tiré du 2. chapitre du Cantique des

139 608 592 55 Cantiques de Salomon, auquel l’eſpouſe, qui eſt

141 648 588 56 L’Egliſe, de grande affection cherche ſon cher

141 690 586 54 eſpoux Ieſus, tant qu'elle l’a trouué, & en est

141 734 120 46 conſolée.

147 807 491 56 Sur le chant, Ie m’en ſoulois aller.

130 889 349 49 'Ay cherché ſur mon lict

127 931 397 46 Celuy que mon cœur aime:

106 970 329 45 Ie l’ay cherché de nuit,

105 1010 332 44 Et ie n’ay trouué ame:

104 1044 433 73 Mais maintenant me leueray

105 884 20 74 I
