810 1184
652 63 58 45 229

235 50 288 59 CANTIQVES.

78 100 349 52 I’iray par toutes places,

78 143 407 49 Et pour voir ſi le trouueray,

79 180 357 50 Ie le ſuyuray aux traces,

78 222 428 47 Et pour veoir ſi le trouueray,

78 263 209 46 Ie le ſuyuray.

127 296 363 51 Quand i'eu bien tracaſſé,

80 340 315 43 Et couru mainte rue,

80 376 308 48 Auſſi que i'eus paſſé

80 417 379 48 Le guet qui m’auoit veue:

80 456 431 51 Lors ſe vient preſenter à moy

80 496 317 44 Mon cher ami fidele,

82 534 373 52 Auquel ie dis, ami par foy

82 575 300 48 Ie ſuis à toy ancelle,

82 613 391 53 Auquel ie dis, ami par foy,

82 656 199 47 Ie ſuis à toy.

130 694 317 44 Tu ne t’en iras point,

85 734 433 46 Mais viendras chez ma mere,

85 772 395 48 Mon cœur au tien eſt ioint,

85 813 374 47 Pretendant te complaire,

86 853 379 48 Ie te ſuppli ami ſois mien,

88 891 334 46 Car ie ſuis toute tiene.

87 929 415 49 Helas il ne me chaut de rien,

88 974 411 44 Fors que ce bien m’aduiene,

89 1013 419 45 Helas il ne me chaut de rien,

89 1052 246 55 Fors que ce bien.

515 1085 76 50 P .iii.
