798 1182
76 60 50 40 230

250 47 276 50 CANTIQVES.

74 254 61 83 M

206 92 355 54 Magnificat anima mea.

178 174 414 51 Cantique de la Vierge. Luc 1.

134 248 374 53 On ame loue & magnifie

135 290 384 50 Le Seigneur qui te viuifie,

73 332 378 47 Sus mon eſprit eſiouy toy

72 371 488 47 En ton Dieu, ton Sauueur & Roy.

109 408 449 49 Car luy qui deſſus tout excelle,

73 447 418 46 A exalté ſon humble ancelle,

72 489 494 47 Dont tous ceux qui ſont & ſeront,

73 527 395 48 Heureuſe me confeſſeront.

112 565 477 51 Ce haut & puiſſant à merueilles,

74 606 480 48 M’a fait des choſes nompareilles,

80 644 469 50 Voire telles que ſon ſainct Nom

76 686 408 47 Merite grand los & renom.

113 726 401 46 Sa miſericorde & clemence,

76 764 393 48 Multipliant en abondance,

76 804 389 48 De race en race il eſtendra,

78 843 473 49 Sur tout homme qui le craindra.

116 881 548 50 Mais ſon bras eſt fort pour enfreindre

79 923 538 48 L’orgueilleux qui ne le veut craindre,

78 962 403 47 Et diſſipe ce fort vainqueur,

84 1001 478 46 Tous les penſemens de leur cœur.

119 1036 483 61 Les grans de leur ſiege il depoſe,
