814 1184
657 49 43 54 231

262 47 271 52 CANTIQVES.

85 94 371 49 Et les petis y met & poſe,

83 133 466 51 Les poures de biens rempliſſant:

82 172 383 49 Et les riches appouriſſant.

119 211 320 48 Iſrael par tel benefice

82 248 341 48 Il a receu à ſon ſeruice,

78 287 522 50 Monſtrant qu’il eſt touſiours recors,

81 329 438 47 D’eſtre enuers luy miſericors.

122 370 484 46 Comme auoit aux peres Antiques

80 410 471 46 Promis par ſermens autentiques

78 450 437 43 Pour à iamais en rendre ſeurs,

78 486 401 54 Abraham & ſes ſucceſſeurs.

147 565 484 55 Benedictus Dominus Deus Iſrael.

194 618 405 53 Cantique de Zacharie. Luc 2.

119 680 414 52 Oué ſoit Dieu & le Seigneur

120 722 295 47 D’Iſrael, qui a viſité

81 760 386 49 Son peuple, & de captiuité

82 801 408 46 L’a tiré, & mis en bon heur.

120 841 407 46 Car de ſalut la corne & fort

84 878 403 48 Nous a dreſſé en la maiſon

81 920 501 48 De Dauid ſon ſerf comme vn port

81 960 428 48 De noſtre eſpoir & guariſon.

123 999 480 48 Comme par ſes Prophetes ſainct:

81 1037 500 57 De tous temps nous auoit promis,

74 656 45 93 L

487 1077 88 53 P .iiii.
