811 1184
657 60 46 53 233

232 60 274 45 CANTIQVES.

82 101 393 48 Tous viſitez en ce bas lieu.

115 144 464 48 Comme au beau ſoleil matutin,

75 183 381 44 En tenebres de mort aſſis,

73 222 392 45 Il nous a les yeux eſclarcis,

73 261 400 42 Et ramenez au clair matin.

113 300 365 44 Afin qu’eſtans illuminez

74 340 455 46 De ſa grace, & par luy conduits

75 378 460 46 Au vray ſentier de paix reduits,

77 420 508 43 Tous nos maux voyons terminez.

116 457 479 46 O Seigneur qui vois clairement,

80 497 513 46 Qu’à tout mal courons volontiers,

78 538 438 43 Illumine nous tellement:

77 576 486 50 Que puiſſions ſuyure tes ſentiers.

80 651 628 54 Le premier Cantique ou chanſon des cinq priſon¬

110 689 181 54 niers de Lyon.

115 754 435 54 Sur le chant du Pſeaume 143.

139 807 401 50 Seigneur la ſeule eſperance,

127 852 522 47 De tous ceux qui ſont en ſouffrance,

78 889 434 47 Et le bouclier treſſeur & fort,

78 932 442 42 De toſt nous ſecourir t’auance,

78 970 425 45 Et nous garder en ceſt effort.

119 1009 465 44 Las à toy nous crions ſans ceſſe,

82 1047 484 59 Car noſtre ennemi point ne ceſſe,

80 801 48 77 O
