804 1177
55 58 71 51 234

215 44 284 52 CANTIQVES.

58 90 461 51 De nous pourſuyure durement:

59 128 493 56 Doncques en ceſte grand' deſtreſſe

60 173 422 49 Regarde nous preſentement.

99 211 432 49 Seigneur Dieu verité & voye,

62 249 513 54 A l’homme peruers point n’ottroye

62 289 415 53 Son vouloir tant pernicieux:

64 330 402 51 A celle fin qu’on ne le voye

65 368 459 53 Haut eſleuer iuſques aux cieux.

105 406 417 53 Et que ſon orgueil ne l’atire,

64 445 477 54 De plus en plus à touſiours nuire,

67 487 390 51 Et pour l’innocent alterer:

68 525 470 51 Quand verra tout ce qu’il deſire,

69 566 399 50 Selon ſon plaiſir proſperer.

109 607 462 48 Las Seigneur, tu vois le courage,

69 645 517 50 De tous ceux qui nous font outrage:

75 684 483 49 Tu cognois la cauſe & comment,

70 720 477 52 Ils deſirent pour leur grand rage

71 758 469 53 De toſt nous tirer au torment.

109 797 502 52 Et d’ailleurs embuſche nous dreſſe

80 841 434 50 Satan cauteleux, qui ſans ceſſe

75 880 386 50 Ainſi qu’vn lion rugiſſant

75 919 523 48 Nous enuironne, & fort nous preſſe,

75 960 429 46 De renoncer le Dieu puiſſant.

113 1000 384 46 Le pere gemiſt & ſouſpire,

76 1036 466 59 La mere de dueil preſque expire,
