807 1183
645 58 62 56 235

204 57 270 49 CANTIQVES.

82 96 498 55 En faiſant plaintes & grand bruit:

82 141 428 48 De grand' douleur elle deſire

82 182 423 40 De n’auoir porté vn tel fruit.

119 218 483 44 A la chair & au monde enſemble

78 255 521 52 De ſouffrir torment bon ne ſemble,

78 297 465 49 Le corps friſſonne tout de peur:

77 333 542 55 Le cœur dans le ventre nous tremble,

78 375 512 49 Brief, nous ne ſentons que douleur.

120 414 458 49 Car la mort cruelle & horrible,

76 452 443 49 Enſemble le torment terrible,

76 494 427 50 Et le bourreau mal gratieux:

75 533 420 49 Auecques terreur incredible.

76 573 450 49 Se preſentent deuant nos yeux.

114 613 462 46 Dont nous eſtans en telle preſſe.

78 649 465 51 O Dieu nous crions de deſtreſſe,

74 694 464 46 Leuans au ciel les yeux vers toy:

82 730 432 50 Que ta bonté ne nous delaiſſe,

76 770 440 48 Au milieu de ce grand eſmoy.

116 809 487 53 Ne vueille donc Dieu noſtre Sire,

75 848 381 50 Nous viſiter ſelon ton ire,

76 889 438 51 En donnant par ton iugement

76 927 394 50 A l’aduerſaire dequoy rire:

79 968 441 47 Voyant noſtre trebuſchement.

111 1006 449 52 Mais de ton cher Fils en la face

76 1046 421 64 Regarde nous, & par ta grace
