786 1180
100 48 64 51 340

242 45 288 48 CANTIQVES.

108 91 462 49 Nous qui ſouffrons dure priſon,

108 135 403 44 De ta pitié ne nous reboute,

105 171 413 48 Mais exauce noſtre oraiſon.

141 214 443 42 Donne nous pleine deliurance,

105 254 448 44 De nos pourſuyuans ennemis,

110 291 445 45 Tu es noſtre ferme aſſeurance:

105 330 476 48 En toy ſeul noſtre eſpoir eſt mis.

108 372 462 46 Tous ceux qui en ta ſauuegarde

106 411 381 43 Se ſont mis en protection,

108 449 450 46 Ta bonté ſauue & contregarde:

104 488 403 46 De mort & condamnation.

149 526 371 50 Tu as preſerué du deluge,

106 565 447 48 Noé dedans l’arche & les ſiens:

106 606 351 46 De Lot as eſté le refuge,

105 647 444 46 Sortant hors des Gomorriens.

106 686 361 44 Eſau par courroux & ire

106 723 437 47 Pourchaſſoit Iacob à la mort,

106 765 487 47 Mais touteſfois n’a peu luy nuire:

107 803 376 45 Car tu as eſté ſon ſupport.

143 843 358 47 A Ioſeph as eſte propice,

110 881 359 47 Tu l’as gardé & defendu

105 921 413 47 De ſes freres: qui par malice,

104 961 531 49 Pour vingt deniers l’auoyent vendu.

108 998 425 52 Ton peuple affligé en Egypte

106 1039 353 58 Par Pharao cruellement,
