797 1184
94 51 62 41 242

273 44 279 48 CANTIQVES.

93 89 403 49 D'Herode plein d’iniquité.

130 129 457 47 C’eſt choſe auſſi bien veritable,

95 171 476 47 Que quand Pol eſtoit priſonnier,

94 209 435 45 Tu luy fus doux & fauorable:

92 251 441 46 Ce qu’on ne pourroit pas nier.

131 288 460 47 Concluſion, Nous voulons dire

93 328 457 48 Que toute puiſſance eſt de toy,

96 371 522 45 Qui fais que rien ne nous peut nuire

92 409 369 44 Icy bas: ne porter eſmoy.

128 446 493 48 Donc ſ’il te plaiſt par ta clemence,

92 485 431 45 Par leſus Chriſt deliure nous:

90 525 475 45 Et nous pardonne noſtre offence,

90 565 470 54 Ou autrement, c’eſt fait de nous.

263 643 295 56 Quatrieſme Chanſon.

150 722 409 54 Sur le chant, du Pſalme.137.

148 803 483 46 Edans Lyon ville tres renommee,

149 838 559 58 Nous ſouſpirons en priſon bien fermee

90 884 457 43 Nous ſouuenant de l’habitation

128 923 435 47 Du bon pais & congregation,

88 957 616 53 Ou nous ſouliõs, tãt aux chãps qu’ẽ la ville

88 998 535 53 Ouir preſcher le treſſainct Euangile.

126 1037 572 56 Certainemẽt nous ſommes en detreſſe,

93 808 55 70 D
