797 1181
91 70 73 45 246

236 65 285 45 CANTIQVFS.

88 107 459 55 Et que n’auons point approuué,

89 151 419 50 Ce que les Papes ont trouué.

126 190 518 47 Donc s’il te plaiſt Dieu, noſtre Pere,

90 231 368 48 Voy par pitié le vitupere,

93 266 526 52 Que nous fouffrons iournellement,

89 306 398 51 Pour ta Parolle ſeulement.

133 343 577 55 Regarde & voy, que d’heure en heure,

89 385 513 50 Crainte de mort en nous demeure,

91 425 459 50 Car ſi aux hommes regardons:

89 463 516 51 Rien que la mort nous n’attendons.

129 503 503 49 Si toſt qu’on vient ouurir la porte,

91 541 477 51 Noſtre chair craint en telle ſorte:

92 582 376 52 Qu’elle iuge ſubitement,

92 621 480 53 Que c’eſt pour aller au torment.

169 660 493 47 Incontinent ſi fort nous tremble,

89 698 564 53 Le pouure cœur, las qu’il nous ſemble,

92 738 513 51 Que le bourreau nous vient querir,

91 778 469 50 Pour au feu nous faire mourir.

129 815 484 55 O pouure chair par trop fragile.

90 855 545 55 Pourquoy crains-tu pour l’Euangile,

89 899 364 47 Et pour verit é endurer:

89 933 486 53 Pour puis apres touſiours durer?

175 972 500 52 Conſidere & penſe en toy-meſme,

103 1014 531 48 Que Ieſus mainte angoiſſe extreme,

95 1053 445 55 Helas, en ce monde a ſouffert:
