792 1175
649 50 63 51 247

243 52 289 47 CANTIQVES.

97 94 454 53 Pour tes pechez en croix offert.

135 134 510 55 Mourir par feu, c’eſt mort treſdure

99 179 393 46 A toute humaine creature:

99 214 471 52 Mais toutesfois c’eſt peu de fait,

100 253 462 51 Du feu qui noſtre corps deffait.

182 292 456 50 O combien plus eſt redoutable,

102 330 412 51 Le feu d’enfer au miſerable,

106 372 392 51 Qui par peché ſera vaincu,

104 412 396 46 Et ſelon Dieu n’aura veſcu.

142 451 428 49 Or ſus arriere peur & crainte,

103 492 419 47 Meure ton effort & attainte,

106 530 452 49 C’eſt peu de fait, c’eſt peu de cas,

104 570 392 48 De ce qu’endurons icy bas.

186 607 401 49 Car c’eſt vne choſe certaine,

110 647 483 50 Que tout torment & toute peine,

110 688 548 49 Qu’on nous pourroit mettre en auant,

109 728 430 46 Paſſeront toſt comme le vent:

146 768 371 46 Et pource toute defiance

109 806 393 48 Delaiſſons, & noſtre fiance

109 847 445 44 En Dieu mettons entierement,

113 885 435 52 Qui nous ſauuera vrayement.

191 924 430 51 Cependant faiſons luy prieres

112 966 497 47 Mes compaignons amis & freres,

115 1004 479 47 Qu’il luy plaiſe nous pardonner.

112 1044 441 56 Et ne nous point abandonner.

496 1076 96 61 Q .iiii.
