784 1167
66 36 62 56 248

204 36 277 46 CANTIQVES.

49 440 53 73 S

58 81 619 51 Chanſon plaintiue de l’homme Chreſtien preſſé

93 124 588 45 de vehemente maladie ſe complaignant des en¬

93 166 582 41 nemis de Dieu, qui taſchent par leurs cruautez

95 204 580 45 à renuerſer & deſtruire le Regne de noſtre Sei¬

98 245 577 45 gneur leſus, conforte les perſonnes affligees pour

94 283 582 47 la querelle de l’Euangile les exhortant à perſe

93 320 584 48 uerance: en fin ſubmet le deſir qu'il ha de recou

94 362 584 56 urer ſa ſante, au vouloir du Dieu tout-puiſſãt.

100 431 250 55 Eiché de douleur

111 478 298 50 Tout cuit de chaleur

59 520 304 47 Seigneur tu me vois,

60 560 288 44 Si te veux ie encore

52 594 317 55 (O Dieu que i’adore)

61 637 228 46 Louer vne fois.

99 675 337 52 Le corps foible & lent,

60 714 266 47 A la mort ſe rend,

60 754 294 46 Mais en ceſt eſmoy:

62 794 322 46 L’eſprit plein de force

64 834 319 50 Tout ioyeux ſ’efforce

61 873 228 46 De voler à toy.

99 914 316 49 Ie meurs, dit le corps,

61 949 247 47 L’ame dit, ie ſors

66 987 290 48 D’vn corps entaché,

56 1022 266 62 Qui m’a aſſeruie:
