809 1184
639 48 52 59 255

206 44 266 53 CANTIQVES.

79 92 328 52 Au lieu de pourſuyure

78 135 292 47 Mon vol entrepris?

75 214 270 45 Ie ſay que tu peux

161 175 262 48 O Dieu ſi tu veux

77 251 220 46 Me tirer d’icy:

79 290 355 47 Mais ſi pour ceſte heure

78 334 356 43 Tu veux que ie meure:

80 369 239 45 Ie le veux auſſi.

77 445 614 50 Cantique de la peruerſite des meſchans contre les

111 488 581 47 enfans de Dieu, & de la conſolation que les fi¬

112 529 581 48 deles recoiuent quand ilz ſont aſſiſtez du Sei¬

114 568 577 52 gneur & leurs ennemis confuz en leurs fauſſes

112 608 159 54 entrepriſes.

153 686 534 54 Sur le chant, du Pſalme 43. Reuenge

113 728 301 47 oy prend la querelle.

129 764 475 52 Eliure moy mon Dieu mon Pere,

119 806 455 44 Deliure moy de tant d’erreurs,

75 843 497 48 Ou ce malheureux monde eſpere,

76 886 457 47 Et penſe que point ne proſpere,

75 925 479 45 Si n’eſt en corrompant ſes meurs,

73 965 337 44 Pour acquerir faueurs.

114 1003 401 44 Ta verite eſt pure & ſaincte

75 1041 500 68 Iuſte & droict eſt ton mandement.

83 748 48 79 D
