799 1181
111 32 54 69 256

201 42 283 58 CANTIQVES.

109 94 447 52 La iuſtice de l’homme feincte

107 136 481 52 Et ſi les tiens en font complainte,

111 177 434 49 Sont enuoyez ſoudainement,

109 217 356 50 Au ſupplice & torment.

186 253 490 52 Lors de la gent fauſſe & maligne,

109 294 456 51 Seront moquez, & mal-menez,

109 337 432 48 Nul n’y aura qui ne machine

114 377 346 46 Occaſion de leur ruyne,

110 415 459 48 Contr’eux les plus abandonnez,

110 452 338 51 Sont plus deſordonnez

145 490 501 53 Mais toy Seigneur, tu les conſoles,

113 530 390 51 Tu les eſleues & ſouſtiens,

114 572 451 49 Renuerſant les empriſes folles,

114 612 438 48 De tels auanceurs de parolles,

115 654 431 48 Et de plus aggrauer les tiens,

118 693 405 47 Quand te plaiſt les retiens.

198 728 470 50 Ainſi Seigneur grand hardieſſe,

119 770 480 48 Prendront en vn ſi puiſſant Roy:

118 809 577 50 Rien ne craindront l’extreme oppreſſe,

117 849 419 47 Mais te chanter auront lieſſe

119 889 492 49 D’autant que d’vn ſi grand eſmoy

120 931 302 47 Seront tirez par toy.

198 965 459 50 Et puis confuz ſeront de honte,

122 1005 469 48 Ces meſchans pleins de fauſſeté

122 1045 447 55 Voyant que ta bonté ſurmonte
