806 1182
622 63 59 47 261

228 60 267 50 CANTIQVES.

64 257 40 77 T

248 107 224 52 Autre Cantique.

102 162 575 46 Sur le chant, Tous les regretz qu’onc¬

64 204 382 42 ques furent au monde, &c.

109 258 571 47 Ous les paſteurs qui regentez le mõde,

108 301 571 43 Regardez bien en quel chemin & voye

66 340 614 41 Vous conduiſez moutõs, & de quelle onde

63 378 610 41 Les abreuuez: rien n’eſt que Dieu ne voye.

101 415 580 49 Nourriſſez-les du pain qu’õ fait & fõde

61 455 618 59 Des ſaincts eſcritz, gardez vous bien qu’on

95 501 102 43 n’oye

61 524 616 55 De voz bouches ſortir parolle immonde,

63 572 580 47 Tous voz propos ſeront en ſaincte ioye.

99 613 584 42 Chantez à Dieu de cœur en voix ꝓfõde

61 650 600 47 Et delaiſſez de voz chants prendre proye:

62 692 615 47 Gardez vous bien que le loup ne confonde,

61 734 582 46 Brebis, moutons, poule, chappon, & oye.

97 770 540 44 Aucuns de vous ont relaxé la bonde,

61 811 614 45 A tout peché, pour Dieu qu’on y pouruoye:

63 850 537 45 Car tout le mal qui au brebis abonde

61 891 614 46 Souuent prouient du paſteur qui deſuoye.

101 931 561 47 Pouures paſteurs voicy ou ie me fonde,

59 969 536 43 Suyuez Ieſus qui iamais ne foruoye:

59 1006 616 47 De luy tout bien, & tout honneur redonde:

61 1046 523 65 Allez à luy, par foy il vous conuoye.

505 1088 84 47 R .iii.
