<?xml version="1.0" encoding="UTF-8"?>
<alto xmlns:xsi="http://www.w3.org/2001/XMLSchema-instance"
      xmlns="http://www.loc.gov/standards/alto/ns-v4#"
      xsi:schemaLocation="http://www.loc.gov/standards/alto/ns-v4# http://www.loc.gov/standards/alto/v4/alto-4-2.xsd">
  <Description>
    <MeasurementUnit>pixel</MeasurementUnit>
    <sourceImageInformation>
      <fileName>267_37aae_default.jpg</fileName>
      <fileIdentifier>https://iiif.onb.ac.at/images/ABO/Z167383706/00000268/full/full/0/default.jpg</fileIdentifier>
    </sourceImageInformation>
  </Description>
  <Tags>
    <OtherTag ID="BT7" LABEL="CustomZone" DESCRIPTION="block type CustomZone"/><OtherTag ID="BT8" LABEL="DamageZone" DESCRIPTION="block type DamageZone"/><OtherTag ID="BT9" LABEL="DigitizationArtefactZone" DESCRIPTION="block type DigitizationArtefactZone"/><OtherTag ID="BT10" LABEL="DropCapitalZone" DESCRIPTION="block type DropCapitalZone"/><OtherTag ID="BT11" LABEL="GraphicZone" DESCRIPTION="block type GraphicZone"/><OtherTag ID="BT12" LABEL="MainZone" DESCRIPTION="block type MainZone"/><OtherTag ID="BT13" LABEL="MarginTextZone" DESCRIPTION="block type MarginTextZone"/><OtherTag ID="BT14" LABEL="MusicZone" DESCRIPTION="block type MusicZone"/><OtherTag ID="BT15" LABEL="NumberingZone" DESCRIPTION="block type NumberingZone"/><OtherTag ID="BT17" LABEL="QuireMarksZone" DESCRIPTION="block type QuireMarksZone"/><OtherTag ID="BT18" LABEL="RunningTitleZone" DESCRIPTION="block type RunningTitleZone"/><OtherTag ID="BT19" LABEL="SealZone" DESCRIPTION="block type SealZone"/><OtherTag ID="BT20" LABEL="StampZone" DESCRIPTION="block type StampZone"/><OtherTag ID="BT21" LABEL="TableZone" DESCRIPTION="block type TableZone"/><OtherTag ID="BT22" LABEL="TitlePageZone" DESCRIPTION="block type TitlePageZone"/>
    <OtherTag ID="LT7" LABEL="CustomLine" DESCRIPTION="line type CustomLine"/><OtherTag ID="LT8" LABEL="DefaultLine" DESCRIPTION="line type DefaultLine"/><OtherTag ID="LT9" LABEL="DropCapitalLine" DESCRIPTION="line type DropCapitalLine"/><OtherTag ID="LT10" LABEL="HeadingLine" DESCRIPTION="line type HeadingLine"/><OtherTag ID="LT11" LABEL="InterlinearLine" DESCRIPTION="line type InterlinearLine"/><OtherTag ID="LT12" LABEL="MusicLine" DESCRIPTION="line type MusicLine"/><OtherTag ID="LT1205" LABEL="default" DESCRIPTION="line type default"/>
  </Tags>
  <Layout>
    <Page WIDTH="804"
          HEIGHT="1177"
          PHYSICAL_IMG_NR="267"
          ID="eSc_dummypage_">
      <PrintSpace HPOS="0"
                  VPOS="0"
                  WIDTH="804"
                  HEIGHT="1177">
        <TextBlock HPOS="65"
                   VPOS="55"
                   WIDTH="107"
                   HEIGHT="49"
                   ID="eSc_textblock_1e6f5783"
                   TAGREFS="BT15">
          <Shape><Polygon POINTS="65 55 65 104 172 104 172 55"/></Shape>
          <TextLine ID="eSc_line_6d47017c"
                    TAGREFS="LT8"
                    BASELINE="91 84 153 87" 
                    HPOS="90"
                    VPOS="60"
                    WIDTH="63"
                    HEIGHT="48">
            <Shape><Polygon POINTS="144 66 138 63 131 60 124 60 118 60 111 60 105 60 98 60 92 60 91 84 90 95 102 96 115 107 115 107 116 107 117 107 136 103 151 108 153 87 150 68 144 66"/></Shape>
            <String CONTENT="264"
                    HPOS="90"
                    VPOS="60"
                    WIDTH="63"
                    HEIGHT="48"
                    WC="0.9998372991879781"></String>
          </TextLine>
        </TextBlock>
        <TextBlock HPOS="246"
                   VPOS="48"
                   WIDTH="252"
                   HEIGHT="50"
                   ID="eSc_textblock_a99e7ccc"
                   TAGREFS="BT18">
          <Shape><Polygon POINTS="246 48 246 98 498 98 498 48"/></Shape>
          <TextLine ID="eSc_line_60a3c21a"
                    TAGREFS="LT10"
                    BASELINE="261 86 445 85 484 87" 
                    HPOS="259"
                    VPOS="48"
                    WIDTH="224"
                    HEIGHT="60">
            <Shape><Polygon POINTS="350 53 325 48 324 48 323 48 322 48 306 53 281 48 280 48 279 48 278 48 259 54 260 85 260 96 331 96 341 104 341 105 342 105 343 105 365 107 366 108 421 108 421 107 422 107 448 98 469 107 470 107 471 107 472 107 473 107 483 98 483 86 482 54 394 48 393 48"/></Shape>
            <String CONTENT="DIZAINS."
                    HPOS="259"
                    VPOS="48"
                    WIDTH="224"
                    HEIGHT="60"
                    ></String>
          </TextLine>
        </TextBlock>
        <TextBlock HPOS="35"
                   VPOS="91"
                   WIDTH="708"
                   HEIGHT="1011"
                   ID="eSc_textblock_0ae69311"
                   TAGREFS="BT12">
          <Shape><Polygon POINTS="35 1102 35 91 743 91 743 1102"/></Shape>
          <TextLine ID="eSc_line_6a4d5ce0"
                    TAGREFS="LT8"
                    BASELINE="111 133 227 131 649 133" 
                    HPOS="111"
                    VPOS="100"
                    WIDTH="538"
                    HEIGHT="47">
            <Shape><Polygon POINTS="647 107 641 105 487 107 463 100 462 100 427 100 426 100 425 100 425 100 414 107 393 107 378 100 378 100 377 100 341 106 322 100 321 100 321 100 320 100 307 106 297 100 297 100 296 100 242 100 242 100 241 100 229 106 148 106 138 102 137 102 136 102 111 105 111 133 111 139 138 145 139 145 139 145 140 145 149 139 197 139 206 145 206 145 207 145 208 145 244 140 255 146 255 146 256 147 281 147 281 146 281 146 282 146 291 140 307 140 318 145 319 145 319 145 320 145 327 142 332 146 332 146 333 146 334 147 368 147 368 146 368 146 389 140 398 146 399 146 399 146 400 146 401 146 419 141 465 147 466 147 467 147 467 147 474 142 498 145 499 145 517 141 531 147 532 147 533 147 561 141 567 145 567 145 568 145 648 147 649 133 648 107 647 107"/></Shape>
            <String CONTENT="Comme le fard &amp; le riche ornement"
                    HPOS="111"
                    VPOS="100"
                    WIDTH="538"
                    HEIGHT="47"
                    WC="0.9894917824051597"></String>
          </TextLine>
          <TextLine ID="eSc_line_138ffa27"
                    TAGREFS="LT8"
                    BASELINE="77 171 531 170 620 173" 
                    HPOS="76"
                    VPOS="140"
                    WIDTH="544"
                    HEIGHT="46">
            <Shape><Polygon POINTS="77 171 77 179 96 179 106 186 107 186 107 186 108 186 109 186 127 179 153 179 162 186 163 186 164 186 164 186 165 186 181 179 211 179 228 186 228 186 229 186 230 186 246 179 257 184 258 184 259 184 327 179 346 185 346 185 347 186 374 186 374 185 374 185 375 185 382 181 392 183 393 183 393 183 394 183 410 179 450 180 461 185 461 185 462 185 501 180 509 185 510 185 510 185 511 185 620 182 620 173 620 148 537 147 516 140 516 140 495 140 495 140 494 140 478 147 441 140 375 140 374 140 374 140 355 147 342 144 341 144 340 144 323 149 304 145 304 145 303 145 302 145 297 149 228 149 209 143 209 143 208 143 208 143 187 149 176 145 175 145 175 145 153 147 139 141 139 141 138 141 138 141 113 147 92 141 91 141 90 141 76 141 77 171"/></Shape>
            <String CONTENT="De la putain, comme laideur de vice,"
                    HPOS="76"
                    VPOS="140"
                    WIDTH="544"
                    HEIGHT="46"
                    WC="0.9887128472328186"></String>
          </TextLine>
          <TextLine ID="eSc_line_72f1cd25"
                    TAGREFS="LT8"
                    BASELINE="73 207 610 209" 
                    HPOS="73"
                    VPOS="179"
                    WIDTH="537"
                    HEIGHT="44">
            <Shape><Polygon POINTS="73 207 73 218 130 218 135 221 136 221 136 221 137 221 138 221 147 218 177 218 182 221 183 221 183 221 184 221 185 221 192 218 247 218 251 222 252 222 253 222 253 222 272 219 283 222 284 222 285 222 450 219 454 222 455 222 455 222 456 223 609 223 610 209 610 188 558 181 557 181 530 185 478 181 478 181 477 181 457 187 417 187 412 183 411 183 410 183 410 183 409 183 397 187 328 187 318 180 317 180 317 180 316 180 266 187 252 179 251 179 236 179 236 179 235 179 221 187 170 187 160 179 160 179 159 179 158 179 134 180 133 180 117 186 105 179 105 179 104 179 73 179 73 207"/></Shape>
            <String CONTENT="Nombre infini de maux pareillement"
                    HPOS="73"
                    VPOS="179"
                    WIDTH="537"
                    HEIGHT="44"
                    ></String>
          </TextLine>
          <TextLine ID="eSc_line_4d51151b"
                    TAGREFS="LT8"
                    BASELINE="73 247 643 249" 
                    HPOS="73"
                    VPOS="216"
                    WIDTH="570"
                    HEIGHT="48">
            <Shape><Polygon POINTS="73 247 73 256 98 262 99 262 100 262 112 256 122 260 123 260 124 260 215 256 236 262 237 262 238 262 238 262 252 257 308 260 308 260 338 257 349 262 350 262 351 262 351 262 364 259 370 263 370 263 371 263 372 263 467 259 513 259 523 264 524 264 524 264 609 259 615 264 616 264 616 264 617 264 643 264 643 249 643 226 620 226 607 218 606 218 605 218 578 218 577 218 576 218 564 224 548 218 548 218 547 218 546 218 546 218 535 226 517 218 516 218 516 218 515 218 492 225 476 218 475 218 474 218 474 218 473 218 461 225 448 217 447 217 446 217 380 221 355 217 354 217 353 217 353 217 340 224 181 224 169 216 168 216 168 216 167 216 113 219 90 216 90 216 89 216 73 220 73 247"/></Shape>
            <String CONTENT="Giſt ſous ces mots d’Egliſe &amp; de luſtice,"
                    HPOS="73"
                    VPOS="216"
                    WIDTH="570"
                    HEIGHT="48"
                    WC="0.994330900471385"></String>
          </TextLine>
          <TextLine ID="eSc_line_5246e4f6"
                    TAGREFS="LT8"
                    BASELINE="74 287 629 289" 
                    HPOS="73"
                    VPOS="258"
                    WIDTH="556"
                    HEIGHT="44">
            <Shape><Polygon POINTS="74 287 73 294 150 295 164 300 164 300 165 301 203 301 203 300 204 300 213 296 259 296 269 300 270 300 270 300 291 296 297 301 298 301 298 301 299 301 300 301 300 301 308 296 348 296 354 301 355 301 355 301 356 301 430 297 444 302 444 302 445 302 446 302 452 298 459 302 460 302 461 302 629 299 629 289 629 264 543 260 542 260 527 263 513 260 512 260 512 260 511 260 489 266 445 266 429 262 428 262 427 262 349 265 325 259 325 259 324 259 323 259 323 259 314 266 260 266 225 265 214 258 213 258 213 258 196 258 195 258 194 258 182 264 109 264 100 258 100 258 99 258 98 258 74 258 74 287"/></Shape>
            <String CONTENT="Car condamnant le pouure par malice,"
                    HPOS="73"
                    VPOS="258"
                    WIDTH="556"
                    HEIGHT="44"
                    WC="0.9819757756259706"></String>
          </TextLine>
          <TextLine ID="eSc_line_ca71ec7f"
                    TAGREFS="LT8"
                    BASELINE="75 326 550 328" 
                    HPOS="74"
                    VPOS="295"
                    WIDTH="476"
                    HEIGHT="45">
            <Shape><Polygon POINTS="75 326 74 338 549 340 550 328 550 305 539 305 526 296 525 296 525 296 524 296 467 301 459 296 459 296 458 296 457 296 438 300 418 296 418 296 417 296 402 304 348 296 347 296 346 296 327 304 299 304 294 300 294 299 293 299 293 299 292 299 291 299 291 299 285 304 273 304 257 296 257 296 256 296 255 296 233 304 174 304 157 295 157 295 121 295 121 295 120 295 119 295 109 302 96 295 96 295 95 295 75 295 75 326"/></Shape>
            <String CONTENT="Si dira-on eſtre iuſtice &amp; droict."
                    HPOS="74"
                    VPOS="295"
                    WIDTH="476"
                    HEIGHT="45"
                    WC="0.9945974577875698"></String>
          </TextLine>
          <TextLine ID="eSc_line_54bab3a5"
                    TAGREFS="LT8"
                    BASELINE="72 366 684 364" 
                    HPOS="71"
                    VPOS="335"
                    WIDTH="613"
                    HEIGHT="47">
            <Shape><Polygon POINTS="72 366 72 374 172 374 190 382 191 382 191 382 227 374 257 374 276 381 277 381 278 381 278 381 289 376 346 376 373 382 374 382 398 377 444 381 445 381 446 381 459 376 472 381 472 381 473 382 575 382 575 381 575 381 590 375 601 381 602 381 603 381 683 378 684 364 682 337 601 335 601 335 600 335 588 340 580 335 579 335 578 335 529 335 528 335 476 342 462 336 461 336 461 336 460 336 441 343 405 343 389 337 389 337 388 337 387 337 365 343 291 343 278 336 277 336 257 336 257 336 256 336 255 336 243 343 179 343 160 337 159 337 158 337 158 337 138 343 116 336 115 336 115 336 71 338 72 366"/></Shape>
            <String CONTENT="Si on reprend (voire moins qu’il faudroit)"
                    HPOS="71"
                    VPOS="335"
                    WIDTH="613"
                    HEIGHT="47"
                    ></String>
          </TextLine>
          <TextLine ID="eSc_line_a4164106"
                    TAGREFS="LT8"
                    BASELINE="73 403 665 405 713 409" 
                    HPOS="73"
                    VPOS="375"
                    WIDTH="640"
                    HEIGHT="46">
            <Shape><Polygon POINTS="73 403 73 414 147 414 160 419 161 419 162 419 202 414 245 420 246 421 278 421 278 420 279 420 293 415 319 419 319 419 375 415 401 415 412 421 413 421 414 421 467 417 474 421 475 421 476 421 520 421 520 421 520 421 541 415 550 421 551 421 552 421 552 421 631 416 642 421 643 421 688 421 688 421 689 421 703 417 711 421 713 409 713 385 694 385 682 377 681 377 681 377 680 377 631 380 550 377 550 377 549 377 548 377 537 383 522 380 521 380 483 383 470 376 469 376 454 376 453 376 452 376 452 376 441 383 386 379 385 379 370 382 361 376 360 376 359 376 359 376 358 376 345 383 290 383 275 375 274 375 274 375 273 375 256 383 202 383 189 376 189 376 188 376 187 376 174 382 153 377 153 377 152 377 151 377 140 383 124 383 104 375 104 375 103 375 73 377 73 403"/></Shape>
            <String CONTENT="Ces caphars pleins de menſonge &amp; feintiſe"
                    HPOS="73"
                    VPOS="375"
                    WIDTH="640"
                    HEIGHT="46"
                    WC="0.977598167047268"></String>
          </TextLine>
          <TextLine ID="eSc_line_82bbb4c8"
                    TAGREFS="LT8"
                    BASELINE="71 445 626 444 675 441" 
                    HPOS="69"
                    VPOS="412"
                    WIDTH="605"
                    HEIGHT="50">
            <Shape><Polygon POINTS="70 444 70 455 122 455 136 462 164 462 173 455 190 460 199 455 266 455 289 460 303 456 308 461 385 457 409 461 445 455 487 461 501 456 673 460 674 440 672 418 586 412 572 417 529 414 508 420 485 414 423 420 415 413 411 413 389 421 256 421 249 413 214 413 207 421 148 421 140 413 104 418 69 413 70 444"/></Shape>
            <String CONTENT="De leurs abbuz, croiront en tout endroit"
                    HPOS="69"
                    VPOS="412"
                    WIDTH="605"
                    HEIGHT="50"
                    ></String>
          </TextLine>
          <TextLine ID="eSc_line_7f3a7135"
                    TAGREFS="LT8"
                    BASELINE="73 483 459 483 600 489" 
                    HPOS="71"
                    VPOS="449"
                    WIDTH="528"
                    HEIGHT="58">
            <Shape><Polygon POINTS="72 482 71 500 82 506 130 506 141 496 188 495 222 507 296 507 308 496 342 501 390 496 431 507 484 500 500 506 515 497 597 498 599 488 597 459 560 459 552 451 443 451 431 459 379 450 315 458 295 450 277 459 219 459 202 449 185 458 115 458 88 449 72 457 72 482"/></Shape>
            <String CONTENT="Que ce ſera parler contre l&#x27;Egliſe."
                    HPOS="71"
                    VPOS="449"
                    WIDTH="528"
                    HEIGHT="58"
                    ></String>
          </TextLine>
          <TextLine ID="eSc_line_3e1f68fb"
                    TAGREFS="LT10"
                    BASELINE="293 524 389 523 467 522" 
                    HPOS="291"
                    VPOS="490"
                    WIDTH="175"
                    HEIGHT="52">
            <Shape><Polygon POINTS="293 542 315 535 324 540 325 540 326 540 327 540 349 535 377 540 378 540 465 535 466 521 464 498 410 498 389 490 388 490 387 490 386 490 385 490 376 496 321 491 320 491 319 491 291 499 292 523"/></Shape>
            <String CONTENT="Dizain."
                    HPOS="291"
                    VPOS="490"
                    WIDTH="175"
                    HEIGHT="52"
                    ></String>
          </TextLine>
          <TextLine ID="eSc_line_ccb157cd"
                    TAGREFS="LT8"
                    BASELINE="108 561 616 562" 
                    HPOS="107"
                    VPOS="529"
                    WIDTH="509"
                    HEIGHT="47">
            <Shape><Polygon POINTS="108 561 107 568 130 569 136 575 137 575 138 575 138 575 139 575 158 570 203 570 213 575 213 575 214 575 236 572 245 575 246 575 247 575 247 575 258 570 282 570 297 575 298 575 298 575 299 575 312 572 363 576 363 576 410 576 410 576 410 576 411 576 417 571 452 576 453 576 474 576 474 576 474 576 487 570 524 575 524 575 537 572 541 576 541 576 542 576 542 576 565 572 575 576 575 576 576 576 615 572 616 562 614 534 577 536 549 530 548 530 548 530 533 536 499 532 498 532 497 532 489 536 474 530 474 530 421 530 421 530 420 530 419 530 412 536 365 536 353 529 352 529 351 529 351 529 350 529 337 536 271 536 262 529 261 529 261 529 260 529 259 529 242 536 213 536 196 529 195 529 194 529 166 532 113 529 113 529 112 529 111 529 108 531 108 561"/></Shape>
            <String CONTENT="Si de la palme eſt preſſé le rameau,"
                    HPOS="107"
                    VPOS="529"
                    WIDTH="509"
                    HEIGHT="47"
                    WC="0.9849387487849673"></String>
          </TextLine>
          <TextLine ID="eSc_line_72464ff1"
                    TAGREFS="LT8"
                    BASELINE="70 602 303 600 643 602" 
                    HPOS="70"
                    VPOS="569"
                    WIDTH="573"
                    HEIGHT="46">
            <Shape><Polygon POINTS="70 602 70 611 144 608 164 615 164 615 165 615 166 615 179 608 288 608 293 612 293 612 294 612 295 612 319 608 334 615 335 615 336 615 378 615 378 615 379 615 391 611 410 615 410 615 467 612 479 615 480 615 480 615 481 615 490 610 524 615 524 615 525 615 540 611 548 615 548 615 549 615 601 615 601 615 601 615 609 611 642 615 643 602 643 572 605 570 605 570 604 570 580 576 558 570 557 570 556 570 556 570 544 576 533 570 533 570 532 570 531 570 516 576 505 570 504 570 489 570 489 570 458 576 427 570 427 570 426 570 425 570 417 576 390 576 378 571 377 571 376 571 376 571 375 571 368 576 337 576 308 570 308 570 307 570 306 570 297 576 240 576 230 571 230 571 209 571 208 571 178 576 157 570 156 570 155 570 155 570 136 576 117 576 105 569 104 569 104 569 70 569 70 602"/></Shape>
            <String CONTENT="Plus fort ſe rend &amp; plus fort ſe redreſſe,"
                    HPOS="70"
                    VPOS="569"
                    WIDTH="573"
                    HEIGHT="46"
                    WC="0.996360936335155"></String>
          </TextLine>
          <TextLine ID="eSc_line_ecb2d5aa"
                    TAGREFS="LT8"
                    BASELINE="69 639 573 641" 
                    HPOS="69"
                    VPOS="609"
                    WIDTH="504"
                    HEIGHT="45">
            <Shape><Polygon POINTS="69 639 69 648 100 648 113 653 114 653 115 653 161 652 162 652 162 652 167 648 185 653 185 653 186 653 232 653 232 653 233 653 234 653 240 649 283 653 283 653 303 649 380 653 380 653 400 649 412 654 412 654 413 654 492 651 572 653 573 641 573 618 529 612 529 612 504 617 493 611 492 611 491 611 491 611 456 617 435 610 435 610 434 610 433 610 420 617 406 610 405 610 404 610 404 610 391 614 378 610 377 610 376 610 376 610 375 610 367 616 350 610 349 610 349 610 348 610 335 617 321 617 312 610 311 610 310 610 300 610 299 610 298 610 298 610 287 617 221 617 211 609 211 609 210 609 209 609 185 612 181 609 180 609 179 609 124 609 124 609 123 609 122 609 110 617 96 617 88 610 87 610 87 610 86 610 85 610 69 615 69 639"/></Shape>
            <String CONTENT="Auſſi l’eſprit reformé de nouueau"
                    HPOS="69"
                    VPOS="609"
                    WIDTH="504"
                    HEIGHT="45"
                    ></String>
          </TextLine>
          <TextLine ID="eSc_line_fd80bb3b"
                    TAGREFS="LT8"
                    BASELINE="69 680 529 678 665 681" 
                    HPOS="68"
                    VPOS="648"
                    WIDTH="597"
                    HEIGHT="47">
            <Shape><Polygon POINTS="69 680 69 690 74 694 75 694 75 694 76 694 77 694 90 688 115 693 116 693 117 693 127 690 135 694 136 694 136 695 189 695 189 694 190 694 191 694 200 688 215 688 225 694 226 694 227 694 227 695 249 695 249 694 249 694 250 694 259 689 280 691 281 691 281 691 291 688 307 694 308 694 308 695 337 695 337 694 338 694 338 694 344 690 353 693 353 693 354 693 355 693 355 693 364 688 388 688 402 694 403 694 404 695 427 695 427 694 428 694 429 694 438 688 469 692 469 692 508 688 542 694 542 694 594 690 664 694 665 681 664 651 623 648 622 648 622 648 600 653 584 648 584 648 583 648 559 653 548 648 548 648 547 648 522 652 516 648 516 648 515 648 488 648 488 648 457 653 435 648 434 648 433 648 433 648 424 653 402 649 401 649 401 649 391 654 325 654 315 648 315 648 314 648 314 648 292 651 285 648 284 648 283 648 283 648 272 653 261 648 261 648 219 648 218 648 196 652 190 648 189 648 189 648 132 648 131 648 130 648 117 654 96 654 82 648 81 648 81 648 68 648 69 680"/></Shape>
            <String CONTENT="Par l’eſprit ſainct qui eſt de Dieu l’adreſſe,"
                    HPOS="68"
                    VPOS="648"
                    WIDTH="597"
                    HEIGHT="47"
                    WC="0.9779896321504012"></String>
          </TextLine>
          <TextLine ID="eSc_line_f739e5b8"
                    TAGREFS="LT8"
                    BASELINE="68 718 512 716" 
                    HPOS="67"
                    VPOS="687"
                    WIDTH="445"
                    HEIGHT="43">
            <Shape><Polygon POINTS="68 718 69 729 72 727 92 730 93 730 94 730 94 730 105 724 125 724 134 729 135 729 136 729 136 729 137 729 140 726 145 730 146 730 147 730 147 730 170 726 193 729 194 729 219 723 229 729 230 729 230 729 231 730 268 730 268 729 268 729 292 723 315 723 331 729 331 729 332 729 378 723 392 729 393 729 393 729 394 729 412 723 455 729 455 729 512 726 512 716 511 690 445 687 444 687 444 687 443 687 435 695 408 695 373 687 372 687 372 687 371 687 361 696 337 696 328 689 327 689 327 689 300 688 300 688 299 688 281 696 236 696 226 688 225 688 225 688 215 688 214 688 213 688 197 697 145 697 136 691 136 691 135 691 134 691 126 696 118 690 117 690 117 690 116 690 115 690 105 695 98 689 97 689 96 689 96 689 67 690 68 718"/></Shape>
            <String CONTENT="Si enuers luy on vſe de rudeſſe"
                    HPOS="67"
                    VPOS="687"
                    WIDTH="445"
                    HEIGHT="43"
                    WC="0.9936468351271844"></String>
          </TextLine>
          <TextLine ID="eSc_line_aa85a66b"
                    TAGREFS="LT8"
                    BASELINE="68 758 597 755" 
                    HPOS="67"
                    VPOS="725"
                    WIDTH="530"
                    HEIGHT="45">
            <Shape><Polygon POINTS="68 758 68 770 90 764 142 764 155 768 155 768 156 768 157 768 170 765 176 770 177 770 177 770 178 770 193 770 193 770 194 770 194 770 204 763 232 763 243 767 244 767 244 767 274 763 327 769 327 769 328 769 329 769 335 764 349 764 432 768 433 768 465 763 469 765 470 765 471 765 471 765 472 765 481 762 531 762 569 768 570 768 571 768 571 768 579 763 597 763 597 755 596 732 578 732 572 727 571 727 571 727 570 727 569 727 559 732 503 732 488 725 488 725 474 725 474 725 473 725 457 733 433 733 422 725 421 725 421 725 420 725 419 725 405 732 385 726 384 726 384 726 383 726 370 731 364 725 363 725 363 725 346 725 345 725 313 726 312 726 302 731 291 726 290 726 289 726 289 726 279 730 262 726 262 726 261 726 261 726 247 733 237 730 236 730 236 730 188 734 169 734 155 727 155 727 154 727 117 733 90 727 89 727 88 727 67 727 68 758"/></Shape>
            <String CONTENT="Pour le priuer de la ſaincte eſcriture:"
                    HPOS="67"
                    VPOS="725"
                    WIDTH="530"
                    HEIGHT="45"
                    WC="0.9928274169946328"></String>
          </TextLine>
          <TextLine ID="eSc_line_b1a2d400"
                    TAGREFS="LT8"
                    BASELINE="73 796 596 795" 
                    HPOS="72"
                    VPOS="767"
                    WIDTH="524"
                    HEIGHT="43">
            <Shape><Polygon POINTS="73 796 73 805 81 809 81 809 82 810 134 810 134 809 134 809 160 802 251 802 264 809 264 809 265 809 300 806 320 809 321 809 321 809 335 805 364 808 365 808 365 808 366 808 374 802 408 802 418 806 418 806 419 806 445 802 479 805 480 805 511 802 529 808 529 808 530 808 587 803 594 807 596 795 594 768 552 771 516 767 515 767 514 767 505 771 479 768 478 768 461 772 410 767 410 767 380 772 343 767 342 767 306 774 208 774 198 767 197 767 196 767 162 767 161 767 160 767 160 767 151 774 128 774 113 768 113 768 72 768 73 796"/></Shape>
            <String CONTENT="Qui eſt la vraye &amp; bonne norriture:"
                    HPOS="72"
                    VPOS="767"
                    WIDTH="524"
                    HEIGHT="43"
                    WC="0.9846132244382586"></String>
          </TextLine>
          <TextLine ID="eSc_line_7c0b6207"
                    TAGREFS="LT8"
                    BASELINE="68 835 614 836" 
                    HPOS="68"
                    VPOS="804"
                    WIDTH="546"
                    HEIGHT="43">
            <Shape><Polygon POINTS="68 835 68 840 114 846 115 846 149 842 179 846 179 846 180 846 194 842 204 846 205 846 206 846 222 842 227 846 228 846 228 846 229 847 285 847 285 846 285 846 297 842 323 846 323 846 324 846 325 846 332 842 379 847 380 847 411 842 418 847 418 847 419 847 419 847 420 847 435 843 463 847 464 847 484 842 494 846 495 846 495 846 496 846 505 842 580 842 612 847 614 836 614 813 595 805 594 805 594 805 571 810 565 805 564 805 563 805 563 805 506 811 470 805 469 805 469 805 468 805 459 811 425 808 424 808 423 808 423 808 418 813 364 813 336 805 335 805 334 805 334 805 333 805 324 812 262 812 252 804 251 804 251 804 231 804 230 804 230 804 229 804 217 812 208 812 196 804 196 804 195 804 194 804 167 810 134 804 134 804 133 804 132 804 121 812 102 812 68 804 68 835"/></Shape>
            <String CONTENT="Du ſainct eſprit tellement eſt conduit,"
                    HPOS="68"
                    VPOS="804"
                    WIDTH="546"
                    HEIGHT="43"
                    WC="0.9929920297402602"></String>
          </TextLine>
          <TextLine ID="eSc_line_a53d22a8"
                    TAGREFS="LT8"
                    BASELINE="71 874 607 873" 
                    HPOS="71"
                    VPOS="843"
                    WIDTH="536"
                    HEIGHT="48">
            <Shape><Polygon POINTS="71 874 71 884 116 891 117 891 117 891 147 884 195 884 239 891 240 891 240 891 266 884 275 890 276 890 276 890 293 891 294 891 295 891 295 891 306 884 330 887 331 887 331 887 346 883 357 890 358 890 359 890 359 891 384 891 384 890 384 890 385 890 396 883 406 890 407 890 408 890 408 891 438 891 438 890 438 890 439 890 450 884 465 890 466 890 467 891 518 891 518 890 518 890 519 890 527 885 552 890 553 890 554 890 554 890 564 883 593 887 594 887 594 887 607 882 607 873 606 850 585 848 584 848 584 848 583 848 578 851 572 848 571 848 571 848 547 852 531 847 530 847 529 847 510 851 499 843 499 843 498 843 455 843 455 843 454 843 435 850 401 843 400 843 399 843 379 852 351 852 335 844 334 844 334 844 333 844 312 853 249 853 231 844 230 844 196 844 195 844 194 844 194 844 188 848 184 845 183 845 183 845 182 845 181 845 181 845 168 853 151 853 139 844 138 844 138 844 82 844 81 844 81 844 80 844 71 849 71 874"/></Shape>
            <String CONTENT="Qu’en enſuyuant de palme la nature:"
                    HPOS="71"
                    VPOS="843"
                    WIDTH="536"
                    HEIGHT="48"
                    WC="0.9901573947497777"></String>
          </TextLine>
          <TextLine ID="eSc_line_3e4958e6"
                    TAGREFS="LT8"
                    BASELINE="68 914 602 912" 
                    HPOS="68"
                    VPOS="882"
                    WIDTH="534"
                    HEIGHT="59">
            <Shape><Polygon POINTS="68 929 98 929 115 940 116 940 117 941 207 941 207 940 208 940 219 935 226 940 227 940 228 940 257 936 277 940 278 940 297 930 349 937 350 937 370 928 401 928 419 940 420 940 421 940 455 935 463 938 464 938 486 936 487 936 501 927 524 931 525 931 526 931 533 927 589 927 601 931 602 912 601 890 558 890 537 882 536 882 535 882 524 890 472 890 461 882 460 882 459 882 444 882 443 882 442 882 431 890 421 891 406 891 392 882 391 882 390 882 389 882 376 891 349 891 332 882 331 882 330 882 311 890 266 882 247 882 246 882 245 882 232 889 200 883 162 883 161 883 144 891 113 891 102 883 101 883 100 883 68 886 68 914"/></Shape>
            <String CONTENT="Plus eſt preſſé &amp; plus fort ſe produit."
                    HPOS="68"
                    VPOS="882"
                    WIDTH="534"
                    HEIGHT="59"
                    ></String>
          </TextLine>
          <TextLine ID="eSc_line_f42e9019"
                    TAGREFS="LT10"
                    BASELINE="286 954 419 952" 
                    HPOS="285"
                    VPOS="929"
                    WIDTH="115"
                    HEIGHT="36">
            <Shape><Polygon POINTS="286 962 342 965 343 965 373 961 387 964 388 964 400 959 400 952 399 931 314 929 313 929 285 933 286 954"/></Shape>
            <String CONTENT="Dizain."
                    HPOS="285"
                    VPOS="929"
                    WIDTH="115"
                    HEIGHT="36"
                    ></String>
          </TextLine>
          <TextLine ID="eSc_line_f795c331"
                    TAGREFS="LT8"
                    BASELINE="109 991 647 989" 
                    HPOS="109"
                    VPOS="955"
                    WIDTH="538"
                    HEIGHT="53">
            <Shape><Polygon POINTS="645 964 639 960 639 960 602 963 590 956 590 956 589 956 555 955 554 955 554 955 521 966 464 955 463 955 463 955 431 969 400 966 399 966 399 966 391 970 312 970 298 960 298 960 297 960 280 959 279 959 261 962 261 962 260 962 249 971 183 971 160 955 160 955 159 955 158 955 109 955 109 991 109 1001 160 1001 198 1007 199 1008 242 1008 242 1007 243 1007 259 1002 275 1007 276 1007 276 1007 277 1007 291 1003 309 1006 310 1006 310 1006 327 1001 348 1007 348 1007 349 1008 365 1008 365 1007 366 1007 380 1001 393 1006 393 1006 394 1006 455 1001 472 1006 472 1006 473 1006 525 1000 646 1004 647 989 646 967 645 964"/></Shape>
            <String CONTENT="Le tout puiſſant qui par ſa prouidence"
                    HPOS="109"
                    VPOS="955"
                    WIDTH="538"
                    HEIGHT="53"
                    WC="0.9841886052959844"></String>
          </TextLine>
          <TextLine ID="eSc_line_2c13f52b"
                    TAGREFS="LT8"
                    BASELINE="74 1027 314 1031 601 1029" 
                    HPOS="73"
                    VPOS="999"
                    WIDTH="528"
                    HEIGHT="44">
            <Shape><Polygon POINTS="74 1027 73 1035 149 1039 149 1039 196 1036 206 1042 206 1042 207 1042 208 1042 275 1039 298 1042 298 1042 390 1037 438 1043 439 1043 440 1043 461 1037 493 1042 493 1042 541 1037 554 1043 554 1043 555 1043 556 1043 567 1037 600 1043 601 1029 601 1010 589 1003 588 1003 588 1003 570 1001 532 1001 531 1001 531 1001 514 1006 504 1003 503 1003 503 1003 502 1003 492 1007 465 1005 464 1005 439 1010 419 1004 419 1004 418 1004 418 1004 417 1004 411 1008 373 1010 361 1003 360 1003 359 1003 359 1003 358 1003 357 1003 346 1010 301 1006 300 1006 300 1006 299 1006 293 1010 211 1010 200 1002 199 1002 198 1002 181 999 180 999 151 1004 141 1002 140 1002 139 1002 125 1008 102 999 102 999 74 999 74 1027"/></Shape>
            <String CONTENT="Tout l’vniuers conduit &amp; entretient,"
                    HPOS="73"
                    VPOS="999"
                    WIDTH="528"
                    HEIGHT="44"
                    WC="0.9919020533561707"></String>
          </TextLine>
          <TextLine ID="eSc_line_cb78ab5d"
                    TAGREFS="LT8"
                    BASELINE="68 1065 301 1071 598 1069" 
                    HPOS="68"
                    VPOS="1036"
                    WIDTH="530"
                    HEIGHT="67">
            <Shape><Polygon POINTS="68 1065 68 1085 127 1085 143 1097 143 1097 144 1097 157 1099 157 1099 200 1093 242 1093 270 1099 270 1099 271 1099 291 1092 324 1095 325 1095 325 1095 326 1095 331 1091 346 1102 346 1102 347 1102 348 1102 411 1099 419 1102 420 1102 478 1103 478 1103 479 1103 509 1087 556 1087 563 1090 564 1090 565 1090 578 1088 590 1093 590 1093 591 1093 592 1093 597 1091 598 1069 597 1039 567 1044 559 1039 559 1039 558 1039 558 1039 557 1039 552 1041 500 1038 499 1038 499 1038 486 1044 472 1043 472 1043 471 1043 454 1048 442 1042 441 1042 440 1042 440 1042 429 1046 410 1039 409 1039 408 1039 408 1039 381 1048 306 1048 232 1047 216 1039 215 1039 215 1039 180 1043 162 1037 161 1037 160 1037 134 1040 122 1036 121 1036 68 1036 68 1065"/></Shape>
            <String CONTENT="Eleut les ſiens tous par ſa prouidence"
                    HPOS="68"
                    VPOS="1036"
                    WIDTH="530"
                    HEIGHT="67"
                    WC="0.9782081544399261"></String>
          </TextLine>
        </TextBlock>
      </PrintSpace>
    </Page>
  </Layout>
</alto>
