792 1187
651 76 57 48 265

255 68 200 53 DIZAINS.

79 115 550 51 Auant que terre & ce qu’elle contient,

84 154 561 50 Fuſſent conſtruits, & c’eſt de la ou vient

88 193 486 49 Qu'à ſes eſleuz la foy il a donnee,

84 234 561 47 Qui des ce temps leur eſtoit ordonnee,

83 272 568 44 Si que les fruictz & les œuures d’icelle

79 311 622 47 Monſtrent qu’elle eſt cõduite & gouuernee

81 350 622 50 Nõ point ꝑ eux, mais d’amour paternelle.

319 390 132 45 Dizain.

112 429 513 50 La papaute m’a long temps retenu

75 468 530 50 En vieil erreur, & cuyder deceuable,

74 508 524 48 Tant que ie ſuis iuſques là paruenu

74 545 572 51 Que i’ay penſé Dieu m’eſtre redeuable,

71 586 554 49 Car ie cuydois (tant i’eſtois miſerable)

73 626 600 47 Que par ma force, & œuures, & pouuoir,

66 665 462 46 Ie meritois le mien ſalut auoir,

66 702 621 52 Mais ce bon Dieu qui des ſiens ſe recorde,

65 743 573 49 Dire me faict, & cognoiſtre & ſcauoir,

67 782 489 52 Que i’ay ſalut par ſa miſericorde.

325 827 119 44 Dizain.

104 858 587 55 Quãd le Seigneur les enfãs ſiens aſſeure

61 899 438 52 Les enſeignant ſa pure verité,

60 943 631 55 Et l’homme vient qui n’eſt que pourriture

58 981 546 47 Mettre en auant menſonge & vanité:

57 1016 527 51 N’eſt pas celuy par ſatan tranſporté

59 1057 532 59 Qui le Seigneur offenſe eſciemment
