817 1176
79 69 68 47 266

302 67 205 42 DIZAINS.

80 351 49 80 Q

75 112 623 44 Pour obſeruer l’humain commandement?

74 153 514 46 Mais qui de Dieu ſcaura l’intention,

75 194 474 44 Et ne la ſuit, ſ’attende ſeurement,

75 231 435 48 En receuoir double punition.

279 290 119 54 Dizain.

148 341 579 52 Vãd l’Antechriſt a veu qu’il proſperoit,

154 384 548 47 Et qu’il faiſoit ce qu’il vouloit ſur terre

77 423 619 50 Lors qu’il a veu que point il ne pourroit

77 463 594 47 Abolir foy que Chreſtiens tenoient ſerre:

78 502 578 48 Si tout premier ne leur faiſoit la guerre:

77 542 436 46 Il fit forger ſoudain artillerie,

77 578 583 49 De trois metaux: dont l’vn eſt menterie,

80 620 578 47 L'autre eſt abus, & l’autre par ſon nom

80 657 472 51 Eſt appellé maudite hypocriſie:

79 692 568 56 De telz metaux il fit ſon droit Canon.

290 735 148 43 Huitain.

124 766 527 60 A Loy qui eſt des ſages ordonnee,

120 816 573 45 Par œuure externe accomplit ſa iuſtice,

82 851 589 50 Mais celle la qui de Dieu eſt donnee,

87 891 656 49 Veut que du cœur l’œuure interne iuſte iſſe,

85 932 543 48 Et ne ſera Loy a l’homme propice

83 967 592 50 Si ce qui ſuit n’eſt faict de cœur ioyeux.

89 1005 597 53 Car il n’y a deuant Dieu plus grand vice

92 1045 544 66 Qu'œuure fardé de cœur ambitieux.

84 775 35 67 L
