<?xml version="1.0" encoding="UTF-8"?>
<alto xmlns:xsi="http://www.w3.org/2001/XMLSchema-instance"
      xmlns="http://www.loc.gov/standards/alto/ns-v4#"
      xsi:schemaLocation="http://www.loc.gov/standards/alto/ns-v4# http://www.loc.gov/standards/alto/v4/alto-4-2.xsd">
  <Description>
    <MeasurementUnit>pixel</MeasurementUnit>
    <sourceImageInformation>
      <fileName>270_0a9af_default.jpg</fileName>
      <fileIdentifier>https://iiif.onb.ac.at/images/ABO/Z167383706/00000271/full/full/0/default.jpg</fileIdentifier>
    </sourceImageInformation>
  </Description>
  <Tags>
    <OtherTag ID="BT7" LABEL="CustomZone" DESCRIPTION="block type CustomZone"/><OtherTag ID="BT8" LABEL="DamageZone" DESCRIPTION="block type DamageZone"/><OtherTag ID="BT9" LABEL="DigitizationArtefactZone" DESCRIPTION="block type DigitizationArtefactZone"/><OtherTag ID="BT10" LABEL="DropCapitalZone" DESCRIPTION="block type DropCapitalZone"/><OtherTag ID="BT11" LABEL="GraphicZone" DESCRIPTION="block type GraphicZone"/><OtherTag ID="BT12" LABEL="MainZone" DESCRIPTION="block type MainZone"/><OtherTag ID="BT13" LABEL="MarginTextZone" DESCRIPTION="block type MarginTextZone"/><OtherTag ID="BT14" LABEL="MusicZone" DESCRIPTION="block type MusicZone"/><OtherTag ID="BT15" LABEL="NumberingZone" DESCRIPTION="block type NumberingZone"/><OtherTag ID="BT17" LABEL="QuireMarksZone" DESCRIPTION="block type QuireMarksZone"/><OtherTag ID="BT18" LABEL="RunningTitleZone" DESCRIPTION="block type RunningTitleZone"/><OtherTag ID="BT19" LABEL="SealZone" DESCRIPTION="block type SealZone"/><OtherTag ID="BT20" LABEL="StampZone" DESCRIPTION="block type StampZone"/><OtherTag ID="BT21" LABEL="TableZone" DESCRIPTION="block type TableZone"/><OtherTag ID="BT22" LABEL="TitlePageZone" DESCRIPTION="block type TitlePageZone"/>
    <OtherTag ID="LT7" LABEL="CustomLine" DESCRIPTION="line type CustomLine"/><OtherTag ID="LT8" LABEL="DefaultLine" DESCRIPTION="line type DefaultLine"/><OtherTag ID="LT9" LABEL="DropCapitalLine" DESCRIPTION="line type DropCapitalLine"/><OtherTag ID="LT10" LABEL="HeadingLine" DESCRIPTION="line type HeadingLine"/><OtherTag ID="LT11" LABEL="InterlinearLine" DESCRIPTION="line type InterlinearLine"/><OtherTag ID="LT12" LABEL="MusicLine" DESCRIPTION="line type MusicLine"/><OtherTag ID="LT1205" LABEL="default" DESCRIPTION="line type default"/>
  </Tags>
  <Layout>
    <Page WIDTH="787"
          HEIGHT="1186"
          PHYSICAL_IMG_NR="270"
          ID="eSc_dummypage_">
      <PrintSpace HPOS="0"
                  VPOS="0"
                  WIDTH="787"
                  HEIGHT="1186">
        <TextBlock HPOS="621"
                   VPOS="88"
                   WIDTH="107"
                   HEIGHT="52"
                   ID="eSc_textblock_4844ddef"
                   TAGREFS="BT15">
          <Shape><Polygon POINTS="621 88 621 140 728 140 728 88"/></Shape>
          <TextLine ID="eSc_line_29126d89"
                    TAGREFS="LT8"
                    BASELINE="647 115 704 115" 
                    HPOS="647"
                    VPOS="84"
                    WIDTH="57"
                    HEIGHT="49">
            <Shape><Polygon POINTS="647 115 647 133 703 133 704 115 704 90 677 84 676 84 676 84 675 84 675 85 669 90 647 90 647 115"/></Shape>
            <String CONTENT="267"
                    HPOS="647"
                    VPOS="84"
                    WIDTH="57"
                    HEIGHT="49"
                    WC="0.997796893119812"></String>
          </TextLine>
        </TextBlock>
        <TextBlock HPOS="211"
                   VPOS="62"
                   WIDTH="244"
                   HEIGHT="64"
                   ID="eSc_textblock_b3393467"
                   TAGREFS="BT18">
          <Shape><Polygon POINTS="211 62 211 126 455 126 455 62"/></Shape>
          <TextLine ID="eSc_line_1765c75a"
                    TAGREFS="LT10"
                    BASELINE="232 112 438 110" 
                    HPOS="231"
                    VPOS="75"
                    WIDTH="207"
                    HEIGHT="51">
            <Shape><Polygon POINTS="416 78 415 78 409 83 385 83 379 78 379 77 378 77 377 77 369 79 365 76 363 76 362 76 348 84 322 84 312 75 311 75 301 75 300 75 299 75 289 84 275 77 274 77 273 77 266 81 257 76 256 76 233 76 231 79 232 112 232 120 268 120 276 126 277 126 278 126 304 121 321 125 322 125 323 125 324 125 330 120 338 125 339 125 340 125 341 125 348 121 353 123 354 123 355 123 371 119 396 125 397 125 437 124 438 110 437 83 418 78 417 78"/></Shape>
            <String CONTENT="DIZAINS."
                    HPOS="231"
                    VPOS="75"
                    WIDTH="207"
                    HEIGHT="51"
                    WC="0.997855581343174"></String>
          </TextLine>
        </TextBlock>
        <TextBlock HPOS="74"
                   VPOS="641"
                   WIDTH="68"
                   HEIGHT="75"
                   ID="eSc_textblock_956720b6"
                   TAGREFS="BT10">
          <Shape><Polygon POINTS="74 641 74 716 142 716 142 641"/></Shape>
          <TextLine ID="eSc_line_ea9427d3"
                    TAGREFS="LT10"
                    BASELINE="83 702 131 702" 
                    HPOS="72"
                    VPOS="646"
                    WIDTH="65"
                    HEIGHT="59">
            <Shape><Polygon POINTS="82 705 120 705 121 701 130 702 130 701 137 646 72 646 82 701"/></Shape>
            <String CONTENT="C"
                    HPOS="72"
                    VPOS="646"
                    WIDTH="65"
                    HEIGHT="59"
                    WC="0.9883898496627808"></String>
          </TextLine>
        </TextBlock>
        <TextBlock HPOS="39"
                   VPOS="119"
                   WIDTH="718"
                   HEIGHT="1005"
                   ID="eSc_textblock_8649d29f"
                   TAGREFS="BT12">
          <Shape><Polygon POINTS="63 1124 39 119 741 131 757 1124"/></Shape>
          <TextLine ID="eSc_line_f4348a26"
                    TAGREFS="LT10"
                    BASELINE="319 157 439 154" 
                    HPOS="317"
                    VPOS="121"
                    WIDTH="122"
                    HEIGHT="48">
            <Shape><Polygon POINTS="319 166 363 164 377 169 378 169 379 169 392 165 406 168 407 168 408 168 408 167 412 164 425 168 426 168 427 168 439 162 439 154 437 133 419 133 411 125 411 124 410 124 409 124 408 124 382 131 364 121 363 121 362 121 361 121 352 127 329 122 328 122 327 122 317 127 319 157"/></Shape>
            <String CONTENT="Dizain."
                    HPOS="317"
                    VPOS="121"
                    WIDTH="122"
                    HEIGHT="48"
                    WC="0.9846223252160209"></String>
          </TextLine>
          <TextLine ID="eSc_line_3f9c82f1"
                    TAGREFS="LT8"
                    BASELINE="121 198 304 195 705 197" 
                    HPOS="120"
                    VPOS="164"
                    WIDTH="585"
                    HEIGHT="44">
            <Shape><Polygon POINTS="121 198 120 206 179 207 180 207 181 207 192 202 253 207 253 207 254 207 272 202 289 205 290 205 363 202 374 206 375 206 375 206 409 202 421 208 422 208 423 208 423 208 445 202 703 206 705 197 704 168 676 164 675 164 674 164 652 173 605 173 593 167 592 167 591 167 591 167 577 173 531 173 516 164 515 164 485 164 485 164 484 164 460 172 412 169 411 169 351 171 339 164 338 164 338 164 311 164 310 164 309 164 278 171 268 167 268 167 267 167 266 167 260 170 247 164 246 164 213 164 212 164 175 171 130 164 129 164 129 164 121 167 121 198"/></Shape>
            <String CONTENT="Quand les caffars auront bien renue rſé"
                    HPOS="120"
                    VPOS="164"
                    WIDTH="585"
                    HEIGHT="44"
                    ></String>
          </TextLine>
          <TextLine ID="eSc_line_65ec834e"
                    TAGREFS="LT8"
                    BASELINE="81 236 506 233 710 237" 
                    HPOS="80"
                    VPOS="202"
                    WIDTH="630"
                    HEIGHT="45">
            <Shape><Polygon POINTS="81 236 81 245 293 242 336 247 337 247 338 247 338 247 346 243 370 246 371 246 395 242 479 247 480 247 481 247 494 242 506 247 506 247 507 247 508 247 508 247 514 243 529 246 530 246 531 246 544 241 557 246 558 246 558 246 653 243 663 247 664 247 665 247 665 247 676 243 709 247 710 237 709 210 649 202 648 202 616 206 605 202 605 202 526 202 525 202 525 202 510 209 423 209 409 202 408 202 408 202 407 202 390 210 301 210 290 204 290 204 289 204 288 204 278 209 262 202 261 202 261 202 260 202 239 210 208 210 197 202 196 202 195 202 195 202 168 207 131 204 130 204 129 204 129 204 120 209 101 202 100 202 100 202 80 202 81 236"/></Shape>
            <String CONTENT="Les ſaĩctz eſcritz pour leur proffict deffẽdre,"
                    HPOS="80"
                    VPOS="202"
                    WIDTH="630"
                    HEIGHT="45"
                    ></String>
          </TextLine>
          <TextLine ID="eSc_line_8a344774"
                    TAGREFS="LT8"
                    BASELINE="80 274 554 272" 
                    HPOS="79"
                    VPOS="241"
                    WIDTH="475"
                    HEIGHT="45">
            <Shape><Polygon POINTS="80 274 80 284 121 281 127 285 128 285 129 285 129 286 152 286 152 285 153 285 154 285 162 280 191 285 192 285 193 285 206 280 247 285 248 285 276 285 276 285 277 285 278 285 285 280 388 283 389 283 435 279 449 284 450 284 450 284 451 284 461 280 481 283 481 283 482 283 495 279 506 283 507 283 508 283 554 282 554 272 554 245 548 241 547 241 547 241 528 241 527 241 527 241 513 248 503 241 502 241 502 241 481 241 481 241 480 241 479 241 471 249 434 245 433 245 407 249 400 245 399 245 398 245 398 245 397 245 394 248 388 244 388 244 387 244 386 244 386 244 385 244 385 245 379 250 366 250 340 242 339 242 338 242 338 242 337 242 328 250 320 250 311 242 311 242 310 242 297 242 297 242 296 242 295 242 286 249 266 247 266 247 213 250 204 243 204 243 203 243 203 243 177 246 164 243 164 243 163 243 162 243 162 243 154 250 141 250 119 250 107 243 106 243 106 243 105 243 79 244 80 274"/></Shape>
            <String CONTENT="Et qu’a leur gré en auront abuſé"
                    HPOS="79"
                    VPOS="241"
                    WIDTH="475"
                    HEIGHT="45"
                    WC="0.9903319793588975"></String>
          </TextLine>
          <TextLine ID="eSc_line_8c3f5243"
                    TAGREFS="LT8"
                    BASELINE="79 312 487 311 710 316" 
                    HPOS="79"
                    VPOS="276"
                    WIDTH="631"
                    HEIGHT="48">
            <Shape><Polygon POINTS="79 312 79 321 329 318 337 322 338 322 338 322 369 319 427 323 428 323 484 319 498 323 499 323 500 324 558 324 558 323 585 319 594 323 595 323 595 324 633 324 633 323 653 319 666 323 667 323 667 324 709 324 710 316 709 278 681 281 666 277 665 277 665 277 664 277 643 282 634 278 633 278 632 278 632 278 624 281 614 278 614 278 613 278 612 278 604 282 591 277 591 277 590 277 536 280 527 277 527 277 462 277 462 277 461 277 450 280 440 277 439 277 378 276 377 276 377 276 367 280 344 276 343 276 342 276 320 283 300 280 299 280 299 280 292 283 281 278 280 278 280 278 279 278 278 278 270 283 252 283 237 276 237 276 222 276 222 276 192 283 92 279 91 279 90 279 79 282 79 312"/></Shape>
            <String CONTENT="Se monſtrãt ſaincts baillant faux a entẽdre,"
                    HPOS="79"
                    VPOS="276"
                    WIDTH="631"
                    HEIGHT="48"
                    ></String>
          </TextLine>
          <TextLine ID="eSc_line_6914ebbc"
                    TAGREFS="LT8"
                    BASELINE="81 351 417 349 672 352" 
                    HPOS="81"
                    VPOS="316"
                    WIDTH="591"
                    HEIGHT="47">
            <Shape><Polygon POINTS="81 351 81 357 110 357 119 362 119 362 120 362 146 358 201 362 201 362 202 362 211 357 290 357 303 362 304 362 305 362 359 357 384 357 392 361 393 361 394 362 423 362 423 361 424 361 432 357 457 361 458 361 458 361 467 357 476 361 477 361 477 361 516 357 520 361 521 361 522 361 522 361 560 357 568 362 568 362 569 362 570 363 605 363 605 362 606 362 615 357 640 362 641 362 672 359 672 352 672 322 618 322 605 316 604 316 603 316 603 316 593 320 584 316 583 316 528 316 527 316 527 316 509 322 498 316 497 316 469 316 422 316 421 316 421 316 406 320 401 316 400 316 400 316 324 316 324 316 323 316 311 320 304 316 303 316 303 316 263 316 262 316 262 316 245 322 108 322 81 317 81 351"/></Shape>
            <String CONTENT="Le Seigneur Dieu viẽdra ſa main eſtẽdre."
                    HPOS="81"
                    VPOS="316"
                    WIDTH="591"
                    HEIGHT="47"
                    WC="0.9957411601429894"></String>
          </TextLine>
          <TextLine ID="eSc_line_e8d936e6"
                    TAGREFS="LT8"
                    BASELINE="80 388 587 389" 
                    HPOS="79"
                    VPOS="355"
                    WIDTH="508"
                    HEIGHT="47">
            <Shape><Polygon POINTS="80 388 79 397 94 399 94 399 95 399 104 395 112 400 112 400 113 400 137 401 137 401 160 396 181 401 181 401 182 401 183 401 193 395 218 395 228 401 229 401 230 401 230 402 276 402 276 401 276 401 277 401 287 395 310 395 319 401 319 401 320 401 334 402 335 402 363 395 418 401 419 401 419 401 436 397 448 402 448 402 449 402 484 395 493 401 493 401 494 401 510 402 510 402 511 402 531 396 566 401 567 401 568 401 587 395 587 389 587 366 542 356 541 356 505 363 495 356 495 356 494 356 415 356 415 356 414 356 391 365 373 365 364 357 363 357 363 357 362 357 341 359 333 355 332 355 288 355 288 355 287 355 286 355 274 365 214 365 208 361 208 361 207 361 206 361 188 365 174 361 173 361 172 361 120 365 80 359 80 388"/></Shape>
            <String CONTENT="Pour ſe venger de leur inuention:."
                    HPOS="79"
                    VPOS="355"
                    WIDTH="508"
                    HEIGHT="47"
                    WC="0.9801678096546846"></String>
          </TextLine>
          <TextLine ID="eSc_line_16d7011e"
                    TAGREFS="LT8"
                    BASELINE="80 430 224 428 597 428" 
                    HPOS="79"
                    VPOS="395"
                    WIDTH="518"
                    HEIGHT="47">
            <Shape><Polygon POINTS="80 430 80 438 110 436 136 441 137 442 187 442 187 441 187 441 188 441 195 436 253 436 260 440 261 440 261 440 262 440 262 440 270 438 303 441 304 441 305 441 316 436 332 441 333 441 334 441 360 436 391 440 392 440 392 440 404 436 420 441 421 441 421 442 462 442 462 441 487 436 503 440 504 440 544 441 545 441 545 441 554 438 563 441 564 441 564 441 597 435 597 428 597 405 537 405 527 401 526 401 525 401 525 401 514 405 502 397 502 397 501 397 488 395 340 395 340 395 339 395 305 405 289 401 288 401 288 401 278 405 195 405 147 401 146 401 146 401 136 405 118 404 100 395 100 395 99 395 79 395 80 430"/></Shape>
            <String CONTENT="Dont paruenoyent a leur intention"
                    HPOS="79"
                    VPOS="395"
                    WIDTH="518"
                    HEIGHT="47"
                    WC="0.9951953255768978"></String>
          </TextLine>
          <TextLine ID="eSc_line_2b48b94c"
                    TAGREFS="LT8"
                    BASELINE="81 470 305 468 638 470" 
                    HPOS="80"
                    VPOS="433"
                    WIDTH="558"
                    HEIGHT="47">
            <Shape><Polygon POINTS="634 438 632 436 601 433 601 433 583 436 574 433 574 433 573 433 572 433 562 438 553 433 553 433 552 433 551 433 551 433 542 436 525 434 525 434 524 434 498 442 464 442 446 433 445 433 444 433 424 438 410 433 409 433 409 433 365 436 353 433 353 433 352 433 330 438 319 433 319 433 318 433 317 433 294 441 281 434 280 434 231 433 230 433 230 433 229 433 216 441 113 441 100 436 99 436 98 436 81 439 81 470 80 475 87 479 87 479 88 479 123 476 141 480 142 480 167 476 213 479 214 479 294 476 301 480 301 480 302 480 303 480 333 476 361 480 361 480 386 480 386 480 386 480 387 480 392 476 404 480 405 480 406 480 428 476 444 480 444 480 445 480 467 476 519 476 536 480 537 480 537 480 596 476 637 480 638 470 638 441 634 438"/></Shape>
            <String CONTENT="Et qu’ainſi ſoit leur puanteur redonde,"
                    HPOS="80"
                    VPOS="433"
                    WIDTH="558"
                    HEIGHT="47"
                    WC="0.9846983934060122"></String>
          </TextLine>
          <TextLine ID="eSc_line_ae4b89a3"
                    TAGREFS="LT8"
                    BASELINE="81 508 547 509" 
                    HPOS="80"
                    VPOS="474"
                    WIDTH="467"
                    HEIGHT="48">
            <Shape><Polygon POINTS="81 508 80 518 104 519 105 519 106 519 106 519 110 517 115 521 116 521 116 521 117 522 187 522 187 521 188 521 204 515 226 521 227 521 228 522 253 522 253 521 254 521 255 521 264 515 305 515 322 520 323 520 324 520 324 520 333 515 358 520 359 520 434 515 445 522 446 522 446 522 447 522 482 515 546 519 547 509 547 477 527 475 526 475 525 475 516 480 510 475 510 475 510 475 509 475 390 475 389 475 388 475 388 475 378 483 363 483 343 475 342 475 342 475 313 477 293 474 293 474 292 474 264 482 112 482 100 476 99 476 98 476 98 476 81 481 81 508"/></Shape>
            <String CONTENT="Deſia par tout a leur confuſion,"
                    HPOS="80"
                    VPOS="474"
                    WIDTH="467"
                    HEIGHT="48"
                    WC="0.9976652171462774"></String>
          </TextLine>
          <TextLine ID="eSc_line_28cab708"
                    TAGREFS="LT8"
                    BASELINE="83 549 709 546" 
                    HPOS="82"
                    VPOS="513"
                    WIDTH="627"
                    HEIGHT="51">
            <Shape><Polygon POINTS="675 517 669 517 662 516 661 515 630 513 629 513 628 513 614 517 593 513 593 513 592 513 585 517 540 514 539 514 499 517 462 513 461 513 460 513 449 518 440 513 440 513 439 513 338 514 337 514 324 520 316 516 315 516 315 516 314 516 313 516 307 521 237 522 127 522 106 515 106 515 105 515 82 516 83 549 83 560 137 557 151 563 152 563 152 564 189 564 189 563 190 563 204 558 235 560 236 560 237 560 244 556 253 562 254 562 255 562 255 563 300 563 300 562 301 562 319 556 353 556 386 562 387 562 388 562 411 556 427 560 428 560 429 560 429 560 448 556 518 556 540 562 541 562 541 562 542 562 559 555 578 555 587 561 587 561 588 561 589 561 589 561 605 556 665 561 665 561 685 557 696 560 697 560 698 560 698 560 709 555 709 546 708 520 679 517 675 517"/></Shape>
            <String CONTENT="Tant que cognue elle eſt de tout le monde."
                    HPOS="82"
                    VPOS="513"
                    WIDTH="627"
                    HEIGHT="51"
                    ></String>
          </TextLine>
          <TextLine ID="eSc_line_ccf9a269"
                    TAGREFS="LT10"
                    BASELINE="288 607 424 606" 
                    HPOS="287"
                    VPOS="577"
                    WIDTH="137"
                    HEIGHT="42">
            <Shape><Polygon POINTS="288 618 338 614 354 619 355 619 382 614 396 618 397 618 398 618 408 614 423 618 424 606 423 587 418 587 392 577 391 577 390 577 336 587 314 577 313 577 287 577 288 607"/></Shape>
            <String CONTENT="Douzain."
                    HPOS="287"
                    VPOS="577"
                    WIDTH="137"
                    HEIGHT="42"
                    WC="0.9630273729562759"></String>
          </TextLine>
          <TextLine ID="eSc_line_61382a76"
                    TAGREFS="LT8"
                    BASELINE="133 668 263 666 659 667" 
                    HPOS="131"
                    VPOS="624"
                    WIDTH="527"
                    HEIGHT="58">
            <Shape><Polygon POINTS="132 667 131 676 163 682 183 677 287 677 294 682 343 677 394 682 407 677 426 682 495 677 512 681 538 677 631 682 648 677 654 681 658 666 656 634 622 637 605 630 599 635 583 624 473 624 456 631 426 624 409 638 361 638 355 632 335 637 326 629 298 638 252 638 247 632 159 636 132 625 132 667"/></Shape>
            <String CONTENT="Ontre vn caphart me prins a diſputer"
                    HPOS="131"
                    VPOS="624"
                    WIDTH="527"
                    HEIGHT="58"
                    WC="0.9949118246634802"></String>
          </TextLine>
          <TextLine ID="eSc_line_822a3d26"
                    TAGREFS="LT8"
                    BASELINE="114 703 143 706 710 707" 
                    HPOS="114"
                    VPOS="676"
                    WIDTH="596"
                    HEIGHT="43">
            <Shape><Polygon POINTS="669 683 647 677 646 677 645 677 600 683 568 679 527 683 516 677 515 677 480 677 479 677 461 683 421 679 420 679 371 682 359 676 358 676 337 676 336 676 320 683 288 683 278 676 277 676 276 676 256 676 255 676 254 676 244 682 208 681 201 676 200 676 199 676 180 676 179 676 178 676 170 681 133 676 132 676 114 679 114 703 130 713 188 717 162 718 198 713 206 718 207 718 208 718 208 719 235 719 235 718 236 718 237 718 247 712 289 713 296 718 297 718 298 718 324 712 375 712 397 718 398 718 398 719 433 719 433 718 434 718 435 718 441 714 449 718 450 718 480 714 513 718 514 718 515 718 522 713 559 719 560 719 618 713 644 718 645 718 669 713 709 714 710 707 709 693 707 683"/></Shape>
            <String CONTENT="Du ſiege faux de ce grand Dieu en terre:"
                    HPOS="114"
                    VPOS="676"
                    WIDTH="596"
                    HEIGHT="43"
                    ></String>
          </TextLine>
          <TextLine ID="eSc_line_87cad7a2"
                    TAGREFS="LT8"
                    BASELINE="83 745 580 747" 
                    HPOS="82"
                    VPOS="709"
                    WIDTH="498"
                    HEIGHT="50">
            <Shape><Polygon POINTS="83 745 82 755 150 758 150 758 151 758 152 758 161 752 181 755 182 755 183 755 195 752 262 755 263 755 264 755 272 752 331 752 349 759 350 759 351 759 378 759 378 759 378 759 379 759 386 753 402 759 403 759 404 759 404 759 415 755 427 759 427 759 428 759 429 759 445 753 485 759 485 759 486 759 502 754 516 758 516 758 517 758 580 756 580 747 580 723 544 723 525 710 525 710 524 710 466 710 465 710 464 710 464 710 447 720 431 723 403 723 381 710 380 710 380 710 313 709 312 709 311 709 300 714 290 709 290 709 241 709 240 709 239 709 239 709 222 722 168 722 159 718 158 718 158 718 119 722 108 715 108 715 107 715 106 715 83 715 83 745"/></Shape>
            <String CONTENT="Et pour raiſon ie luy vins atteſter,"
                    HPOS="82"
                    VPOS="709"
                    WIDTH="498"
                    HEIGHT="50"
                    WC="0.9886165592405531"></String>
          </TextLine>
          <TextLine ID="eSc_line_64acb064"
                    TAGREFS="LT8"
                    BASELINE="85 784 711 786" 
                    HPOS="85"
                    VPOS="749"
                    WIDTH="626"
                    HEIGHT="50">
            <Shape><Polygon POINTS="85 784 85 793 161 797 162 797 162 797 180 792 319 795 320 795 349 793 366 798 367 798 367 799 407 799 407 798 408 798 408 798 415 793 435 793 512 797 512 797 513 797 524 793 549 797 550 797 605 794 617 797 618 797 618 797 619 797 632 794 644 798 645 798 645 798 710 793 711 786 710 759 661 759 636 750 635 750 634 750 572 755 550 751 549 751 549 751 535 755 500 750 499 750 498 750 490 753 473 750 473 750 425 754 417 750 416 750 415 750 415 750 399 758 361 758 339 749 338 749 293 749 293 749 292 749 276 756 259 749 259 749 258 749 257 749 235 755 225 749 224 749 224 749 189 749 188 749 187 749 168 757 85 755 85 784"/></Shape>
            <String CONTENT="Que dedãs Rõme õcques ne fut ſaint Pierre"
                    HPOS="85"
                    VPOS="749"
                    WIDTH="626"
                    HEIGHT="50"
                    ></String>
          </TextLine>
          <TextLine ID="eSc_line_86c6cfea"
                    TAGREFS="LT8"
                    BASELINE="87 826 361 824 658 827" 
                    HPOS="86"
                    VPOS="788"
                    WIDTH="572"
                    HEIGHT="50">
            <Shape><Polygon POINTS="87 826 86 830 107 836 108 836 108 836 109 836 117 832 129 835 130 835 131 835 142 831 177 831 203 838 204 838 330 832 368 832 386 836 387 836 388 836 421 833 456 837 456 837 457 837 469 832 504 837 504 837 535 833 542 838 543 838 543 838 544 838 590 834 617 838 618 838 618 838 619 838 625 834 643 838 644 838 657 836 658 827 657 793 638 791 637 791 636 791 622 798 604 798 589 790 589 790 588 790 509 793 499 790 498 790 498 790 497 790 488 793 454 791 454 791 453 791 440 798 411 798 373 797 361 788 360 788 359 788 359 788 295 791 290 788 290 788 289 788 180 788 179 788 179 788 156 796 87 795 87 826"/></Shape>
            <String CONTENT="Lors vn quidam ſuruint en ceſte guerre,"
                    HPOS="86"
                    VPOS="788"
                    WIDTH="572"
                    HEIGHT="50"
                    WC="0.9824221027203095"></String>
          </TextLine>
          <TextLine ID="eSc_line_f4cd187c"
                    TAGREFS="LT8"
                    BASELINE="82 865 504 864 632 867" 
                    HPOS="82"
                    VPOS="828"
                    WIDTH="550"
                    HEIGHT="49">
            <Shape><Polygon POINTS="82 865 82 874 175 871 185 876 186 876 187 876 187 876 188 876 197 871 237 871 245 876 246 876 247 876 247 876 274 873 293 876 294 876 295 876 306 872 368 875 369 875 369 875 370 875 375 871 429 871 452 876 453 877 518 877 518 876 519 876 537 871 541 875 541 875 542 875 625 876 626 876 626 876 627 876 632 872 632 867 631 831 545 835 529 828 529 828 528 828 500 832 495 829 495 829 494 829 493 829 453 832 417 828 416 828 388 832 360 828 359 828 359 828 346 835 335 828 334 828 334 828 333 828 332 828 321 831 313 828 313 828 253 828 252 828 251 828 231 836 151 836 141 830 140 830 139 830 102 834 82 830 82 865"/></Shape>
            <String CONTENT="Diſant, amy, pour ce Dieu reprouuer,"
                    HPOS="82"
                    VPOS="828"
                    WIDTH="550"
                    HEIGHT="49"
                    WC="0.9965751849942737"></String>
          </TextLine>
          <TextLine ID="eSc_line_afc79029"
                    TAGREFS="LT8"
                    BASELINE="87 903 636 904" 
                    HPOS="87"
                    VPOS="868"
                    WIDTH="549"
                    HEIGHT="49">
            <Shape><Polygon POINTS="87 903 87 912 185 909 201 915 201 915 202 915 203 915 214 911 222 913 222 913 223 913 251 910 272 917 272 917 273 917 301 917 301 917 301 917 302 917 309 911 323 915 324 915 324 915 348 911 365 915 366 915 367 915 419 912 425 916 426 916 427 916 489 917 489 917 490 917 514 911 525 915 525 915 558 916 558 916 559 916 560 916 564 913 595 916 596 916 597 916 597 916 606 910 635 910 636 904 635 877 611 877 593 869 592 869 591 869 591 869 584 872 554 870 554 870 553 870 553 870 542 877 495 877 480 872 479 872 479 872 455 875 439 869 438 869 438 869 384 871 349 868 300 868 299 868 299 868 284 876 265 876 242 868 241 868 241 868 207 876 195 869 194 869 193 869 193 869 185 871 177 868 177 868 176 868 175 868 158 876 129 871 129 871 128 871 116 874 110 869 109 869 108 869 108 869 107 869 87 875 87 903"/></Shape>
            <String CONTENT="Il n’eſt beſoing ta raiſon approuuer,"
                    HPOS="87"
                    VPOS="868"
                    WIDTH="549"
                    HEIGHT="49"
                    WC="0.9708107677665917"></String>
          </TextLine>
          <TextLine ID="eSc_line_80772bd8"
                    TAGREFS="LT8"
                    BASELINE="87 942 680 943" 
                    HPOS="87"
                    VPOS="906"
                    WIDTH="593"
                    HEIGHT="49">
            <Shape><Polygon POINTS="87 942 87 949 96 953 97 953 98 953 134 950 163 954 164 954 164 954 165 954 172 949 187 949 230 954 231 954 232 954 232 954 239 949 296 949 307 953 308 953 309 953 332 950 384 954 385 954 434 951 473 954 474 954 475 954 491 950 512 954 513 955 539 955 539 954 539 954 549 950 595 954 596 954 651 950 679 954 680 943 679 907 638 911 629 907 628 907 628 907 627 907 614 910 603 907 603 907 602 907 601 907 588 911 568 908 568 908 531 913 514 907 514 907 513 907 512 907 487 914 437 910 436 910 435 910 420 914 411 908 411 908 410 908 409 908 393 910 379 907 378 907 378 907 377 907 370 910 313 908 313 908 312 908 311 908 302 914 260 914 245 906 244 906 229 906 228 906 228 906 214 913 193 906 193 906 162 906 161 906 160 906 160 906 148 913 132 909 131 909 131 909 130 909 122 913 114 908 113 908 112 908 112 908 87 911 87 942"/></Shape>
            <String CONTENT="Tu ne conclus choſe qui ſerue en ſomme,"
                    HPOS="87"
                    VPOS="906"
                    WIDTH="593"
                    HEIGHT="49"
                    WC="0.9683507818442124"></String>
          </TextLine>
          <TextLine ID="eSc_line_1afd7c62"
                    TAGREFS="LT8"
                    BASELINE="84 981 705 983" 
                    HPOS="84"
                    VPOS="946"
                    WIDTH="621"
                    HEIGHT="49">
            <Shape><Polygon POINTS="84 981 84 989 102 989 112 994 112 994 113 994 144 990 177 993 178 993 179 993 189 988 215 988 223 994 224 994 224 994 225 994 255 988 313 989 332 994 332 994 333 994 370 990 420 994 421 994 421 994 431 989 448 994 449 994 450 995 493 995 493 994 493 994 502 990 518 993 518 993 545 990 576 995 576 995 605 990 616 994 616 994 617 994 618 994 618 994 625 990 704 993 705 983 705 955 656 948 655 948 655 948 634 954 623 948 622 948 622 948 621 948 576 954 498 947 497 947 460 952 438 947 438 947 437 947 406 948 405 948 404 948 396 954 373 948 317 948 316 948 315 948 304 951 288 946 288 946 268 946 267 946 266 946 247 954 190 954 172 949 171 949 170 949 159 953 144 948 143 948 143 948 142 948 131 953 114 946 114 946 113 946 84 950 84 981"/></Shape>
            <String CONTENT="Mais il conuient que tu luy preuue comme,"
                    HPOS="84"
                    VPOS="946"
                    WIDTH="621"
                    HEIGHT="49"
                    WC="0.982372060054686"></String>
          </TextLine>
          <TextLine ID="eSc_line_78176eab"
                    TAGREFS="LT8"
                    BASELINE="85 1021 613 1019" 
                    HPOS="84"
                    VPOS="987"
                    WIDTH="529"
                    HEIGHT="44">
            <Shape><Polygon POINTS="85 1021 85 1029 406 1031 407 1031 408 1031 415 1028 435 1031 436 1031 454 1028 555 1031 556 1031 582 1027 601 1031 602 1031 603 1031 613 1026 613 1019 611 987 583 992 558 987 558 987 529 994 440 994 426 988 425 988 425 988 424 988 419 990 396 987 396 987 395 987 379 991 365 987 365 987 364 987 363 987 341 994 318 987 317 987 317 987 279 994 261 987 261 987 260 987 242 987 241 987 229 994 218 987 217 987 216 987 188 987 187 987 187 987 175 992 162 987 162 987 161 987 125 993 93 988 92 988 92 988 91 988 84 994 85 1021"/></Shape>
            <String CONTENT="Le Diable là ne faict ſa demourance:"
                    HPOS="84"
                    VPOS="987"
                    WIDTH="529"
                    HEIGHT="44"
                    WC="0.9903474820626749"></String>
          </TextLine>
          <TextLine ID="eSc_line_f9beb9ff"
                    TAGREFS="LT8"
                    BASELINE="87 1060 624 1058" 
                    HPOS="87"
                    VPOS="1023"
                    WIDTH="537"
                    HEIGHT="50">
            <Shape><Polygon POINTS="87 1060 87 1067 154 1067 186 1072 187 1072 187 1072 188 1072 195 1067 230 1066 264 1073 264 1073 265 1073 282 1069 288 1073 288 1073 289 1073 290 1073 355 1073 355 1073 355 1073 377 1068 391 1072 392 1072 392 1072 393 1072 394 1072 399 1069 435 1072 436 1072 458 1067 469 1070 470 1070 471 1070 471 1070 472 1070 478 1066 487 1070 488 1070 489 1070 489 1070 498 1065 503 1068 504 1068 504 1068 505 1068 554 1065 583 1072 584 1072 585 1072 585 1072 592 1067 617 1070 618 1070 618 1070 619 1070 624 1067 624 1058 622 1030 560 1023 559 1023 534 1029 522 1024 521 1024 520 1024 494 1029 454 1024 454 1024 453 1024 452 1024 444 1031 419 1031 399 1025 398 1025 398 1025 397 1025 396 1025 388 1030 379 1026 378 1026 378 1026 377 1026 360 1030 338 1025 337 1025 293 1029 284 1025 284 1025 221 1025 220 1025 189 1025 189 1025 188 1025 179 1032 120 1032 103 1025 102 1025 102 1025 101 1025 87 1030 87 1060"/></Shape>
            <String CONTENT="Car ceſt à luy que le Pape de Romme"
                    HPOS="87"
                    VPOS="1023"
                    WIDTH="537"
                    HEIGHT="50"
                    WC="0.97540625764264"></String>
          </TextLine>
          <TextLine ID="eSc_line_ec7373ed"
                    TAGREFS="LT8"
                    BASELINE="86 1101 397 1101 603 1097" 
                    HPOS="85"
                    VPOS="1063"
                    WIDTH="518"
                    HEIGHT="58">
            <Shape><Polygon POINTS="86 1101 86 1114 108 1114 125 1121 126 1121 127 1121 156 1114 217 1114 247 1114 254 1119 255 1119 255 1119 256 1119 257 1119 277 1114 293 1120 293 1120 294 1120 349 1118 349 1118 361 1114 367 1119 367 1119 368 1119 369 1120 395 1120 395 1119 396 1119 413 1113 440 1113 456 1119 457 1119 458 1119 508 1115 539 1118 539 1118 540 1118 550 1114 557 1118 558 1118 558 1118 559 1119 603 1119 603 1097 603 1072 589 1066 588 1066 536 1063 535 1063 477 1071 467 1066 467 1066 466 1066 466 1066 465 1066 454 1073 422 1073 406 1065 405 1065 404 1065 380 1068 370 1064 369 1064 369 1064 368 1064 340 1073 309 1073 241 1073 231 1065 230 1065 230 1065 198 1065 197 1065 197 1065 171 1075 154 1075 142 1066 141 1066 141 1066 140 1066 116 1070 104 1066 103 1066 102 1066 102 1066 85 1074 86 1101"/></Shape>
            <String CONTENT="A ſuccedé en regne &amp; en puiſſance."
                    HPOS="85"
                    VPOS="1063"
                    WIDTH="518"
                    HEIGHT="58"
                    WC="0.9595698731286185"></String>
          </TextLine>
        </TextBlock>
      </PrintSpace>
    </Page>
  </Layout>
</alto>
