<?xml version="1.0" encoding="UTF-8"?>
<alto xmlns:xsi="http://www.w3.org/2001/XMLSchema-instance"
      xmlns="http://www.loc.gov/standards/alto/ns-v4#"
      xsi:schemaLocation="http://www.loc.gov/standards/alto/ns-v4# http://www.loc.gov/standards/alto/v4/alto-4-2.xsd">
  <Description>
    <MeasurementUnit>pixel</MeasurementUnit>
    <sourceImageInformation>
      <fileName>271_1db0d_default.jpg</fileName>
      <fileIdentifier>https://iiif.onb.ac.at/images/ABO/Z167383706/00000272/full/full/0/default.jpg</fileIdentifier>
    </sourceImageInformation>
  </Description>
  <Tags>
    <OtherTag ID="BT7" LABEL="CustomZone" DESCRIPTION="block type CustomZone"/><OtherTag ID="BT8" LABEL="DamageZone" DESCRIPTION="block type DamageZone"/><OtherTag ID="BT9" LABEL="DigitizationArtefactZone" DESCRIPTION="block type DigitizationArtefactZone"/><OtherTag ID="BT10" LABEL="DropCapitalZone" DESCRIPTION="block type DropCapitalZone"/><OtherTag ID="BT11" LABEL="GraphicZone" DESCRIPTION="block type GraphicZone"/><OtherTag ID="BT12" LABEL="MainZone" DESCRIPTION="block type MainZone"/><OtherTag ID="BT13" LABEL="MarginTextZone" DESCRIPTION="block type MarginTextZone"/><OtherTag ID="BT14" LABEL="MusicZone" DESCRIPTION="block type MusicZone"/><OtherTag ID="BT15" LABEL="NumberingZone" DESCRIPTION="block type NumberingZone"/><OtherTag ID="BT17" LABEL="QuireMarksZone" DESCRIPTION="block type QuireMarksZone"/><OtherTag ID="BT18" LABEL="RunningTitleZone" DESCRIPTION="block type RunningTitleZone"/><OtherTag ID="BT19" LABEL="SealZone" DESCRIPTION="block type SealZone"/><OtherTag ID="BT20" LABEL="StampZone" DESCRIPTION="block type StampZone"/><OtherTag ID="BT21" LABEL="TableZone" DESCRIPTION="block type TableZone"/><OtherTag ID="BT22" LABEL="TitlePageZone" DESCRIPTION="block type TitlePageZone"/>
    <OtherTag ID="LT7" LABEL="CustomLine" DESCRIPTION="line type CustomLine"/><OtherTag ID="LT8" LABEL="DefaultLine" DESCRIPTION="line type DefaultLine"/><OtherTag ID="LT9" LABEL="DropCapitalLine" DESCRIPTION="line type DropCapitalLine"/><OtherTag ID="LT10" LABEL="HeadingLine" DESCRIPTION="line type HeadingLine"/><OtherTag ID="LT11" LABEL="InterlinearLine" DESCRIPTION="line type InterlinearLine"/><OtherTag ID="LT12" LABEL="MusicLine" DESCRIPTION="line type MusicLine"/><OtherTag ID="LT1205" LABEL="default" DESCRIPTION="line type default"/>
  </Tags>
  <Layout>
    <Page WIDTH="827"
          HEIGHT="1180"
          PHYSICAL_IMG_NR="271"
          ID="eSc_dummypage_">
      <PrintSpace HPOS="0"
                  VPOS="0"
                  WIDTH="827"
                  HEIGHT="1180">
        <TextBlock HPOS="47"
                   VPOS="47"
                   WIDTH="90"
                   HEIGHT="67"
                   ID="eSc_textblock_8a451c33"
                   TAGREFS="BT15">
          <Shape><Polygon POINTS="137 47 137 114 47 114 47 47"/></Shape>
          <TextLine ID="eSc_line_3bdcc424"
                    TAGREFS="LT8"
                    BASELINE="68 98 129 97" 
                    HPOS="68"
                    VPOS="66"
                    WIDTH="61"
                    HEIGHT="53">
            <Shape><Polygon POINTS="106 66 100 66 97 66 88 74 68 74 68 76 68 98 68 108 83 119 83 119 84 119 85 119 99 119 99 119 99 119 100 119 100 118 108 110 129 106 129 97 128 69 108 66 106 66"/></Shape>
            <String CONTENT="268"
                    HPOS="68"
                    VPOS="66"
                    WIDTH="61"
                    HEIGHT="53"
                    WC="0.9998443325360616"></String>
          </TextLine>
        </TextBlock>
        <TextBlock HPOS="227"
                   VPOS="51"
                   WIDTH="238"
                   HEIGHT="61"
                   ID="eSc_textblock_717c00ba"
                   TAGREFS="BT18">
          <Shape><Polygon POINTS="227 51 227 112 465 112 465 51"/></Shape>
          <TextLine ID="eSc_line_580ebcc9"
                    TAGREFS="LT10"
                    BASELINE="247 97 380 91 452 91" 
                    HPOS="245"
                    VPOS="57"
                    WIDTH="207"
                    HEIGHT="53">
            <Shape><Polygon POINTS="442 60 436 60 429 60 421 60 420 59 416 59 411 58 409 60 367 59 366 59 358 62 352 57 351 57 350 57 337 63 328 58 327 58 326 58 290 59 289 59 278 65 266 60 265 60 264 60 245 66 247 97 247 110 266 110 266 109 267 109 281 104 293 108 294 108 295 108 314 100 327 107 328 107 329 107 341 100 367 103 368 103 369 103 369 102 372 98 389 98 413 104 414 104 415 104 427 100 443 102 444 102 445 102 452 96 452 91 451 61 449 61"/></Shape>
            <String CONTENT="DIZAINS."
                    HPOS="245"
                    VPOS="57"
                    WIDTH="207"
                    HEIGHT="53"
                    WC="0.9989239349961281"></String>
          </TextLine>
        </TextBlock>
        <TextBlock HPOS="50"
                   VPOS="182"
                   WIDTH="84"
                   HEIGHT="82"
                   ID="eSc_textblock_26c3b4e4"
                   TAGREFS="BT10">
          <Shape><Polygon POINTS="50 182 50 264 134 264 134 182"/></Shape>
          <TextLine ID="eSc_line_b1e97500"
                    TAGREFS="LT9"
                    BASELINE="64 250 110 250" 
                    HPOS="63"
                    VPOS="182"
                    WIDTH="46"
                    HEIGHT="74">
            <Shape><Polygon POINTS="109 256 109 249 109 194 86 193 64 182 63 249 63 256"/></Shape>
            <String CONTENT="D"
                    HPOS="63"
                    VPOS="182"
                    WIDTH="46"
                    HEIGHT="74"
                    ></String>
          </TextLine>
        </TextBlock>
        <TextBlock HPOS="32"
                   VPOS="104"
                   WIDTH="680"
                   HEIGHT="1003"
                   ID="eSc_textblock_84f8c91d"
                   TAGREFS="BT12">
          <Shape><Polygon POINTS="66 1103 32 109 695 104 712 1107"/></Shape>
          <TextLine ID="eSc_line_c5e3ec1e"
                    TAGREFS="LT10"
                    BASELINE="279 139 395 137" 
                    HPOS="278"
                    VPOS="107"
                    WIDTH="117"
                    HEIGHT="54">
            <Shape><Polygon POINTS="279 150 299 154 309 161 310 161 311 161 353 159 354 159 369 150 387 150 393 154 395 137 393 116 378 116 366 107 365 107 364 107 319 117 299 108 298 108 297 108 278 111 279 139"/></Shape>
            <String CONTENT="Dizain."
                    HPOS="278"
                    VPOS="107"
                    WIDTH="117"
                    HEIGHT="54"
                    WC="0.9534359914915902"></String>
          </TextLine>
          <TextLine ID="eSc_line_13871920"
                    TAGREFS="LT8"
                    BASELINE="112 222 537 213 690 213" 
                    HPOS="110"
                    VPOS="181"
                    WIDTH="580"
                    HEIGHT="52">
            <Shape><Polygon POINTS="112 222 112 233 186 226 230 230 231 230 256 226 292 230 293 230 328 225 369 229 370 229 371 229 379 225 390 228 390 228 391 228 424 224 478 227 479 227 505 222 515 226 516 226 516 226 559 220 590 224 590 224 630 218 648 223 649 223 649 223 650 223 660 219 689 220 690 213 689 188 623 188 585 181 555 181 554 181 554 181 553 181 541 189 516 190 469 187 468 187 452 190 430 184 429 184 428 184 428 184 418 188 381 186 381 186 380 186 360 194 331 194 267 194 248 187 247 187 234 187 234 187 233 187 232 187 220 195 201 188 200 188 200 188 110 190 112 222"/></Shape>
            <String CONTENT="E la Sorbonne vn Docteur maiſtre veau"
                    HPOS="110"
                    VPOS="181"
                    WIDTH="580"
                    HEIGHT="52"
                    WC="0.9974882763785284"></String>
          </TextLine>
          <TextLine ID="eSc_line_a6ee0cb2"
                    TAGREFS="LT8"
                    BASELINE="119 258 691 253" 
                    HPOS="118"
                    VPOS="223"
                    WIDTH="573"
                    HEIGHT="51">
            <Shape><Polygon POINTS="119 258 119 266 179 271 180 271 181 271 181 271 190 266 211 266 226 274 226 274 227 274 228 274 291 265 319 273 320 273 320 273 321 273 348 264 358 267 359 267 360 267 360 267 373 264 406 267 407 267 479 263 508 271 508 271 509 272 536 272 536 271 537 271 552 263 580 270 581 270 581 270 691 266 691 253 690 230 627 223 626 223 626 223 625 223 613 230 574 228 573 228 535 231 501 224 500 224 468 229 441 225 440 225 440 225 423 232 373 226 373 226 372 226 358 233 327 233 310 226 310 226 309 226 280 227 280 227 266 234 162 235 152 229 151 229 150 229 150 229 149 229 134 234 127 230 127 230 126 230 125 230 125 230 124 230 118 234 119 258"/></Shape>
            <String CONTENT="Vint en preſchant les eſcolliers reprẽdre,"
                    HPOS="118"
                    VPOS="223"
                    WIDTH="573"
                    HEIGHT="51"
                    WC="0.9800471580305765"></String>
          </TextLine>
          <TextLine ID="eSc_line_4878a0c9"
                    TAGREFS="LT8"
                    BASELINE="62 298 622 293" 
                    HPOS="62"
                    VPOS="264"
                    WIDTH="560"
                    HEIGHT="48">
            <Shape><Polygon POINTS="62 298 64 310 68 307 142 308 143 308 144 308 144 308 150 304 165 312 165 312 166 312 186 312 186 312 186 312 207 304 238 311 239 311 296 310 297 310 297 310 306 303 323 302 362 310 363 310 363 310 379 302 457 308 458 308 459 308 474 300 523 300 544 306 545 306 546 306 546 306 564 300 621 307 622 293 621 272 596 267 595 267 550 268 542 264 541 264 541 264 540 264 515 272 475 268 474 268 474 268 473 268 466 272 435 270 434 270 434 270 426 274 398 274 392 270 392 270 391 270 390 270 390 270 381 272 371 266 371 266 370 266 369 266 369 266 341 275 325 275 312 266 312 266 311 266 310 266 295 266 294 266 293 266 282 275 263 270 262 270 262 270 261 270 238 275 229 272 228 272 228 272 227 272 226 272 221 275 181 275 173 270 172 270 171 270 171 270 150 275 135 268 135 268 134 268 62 270 62 298"/></Shape>
            <String CONTENT="Diſant qu’iceux le teſtament nouueau,"
                    HPOS="62"
                    VPOS="264"
                    WIDTH="560"
                    HEIGHT="48"
                    WC="0.9929659688794935"></String>
          </TextLine>
          <TextLine ID="eSc_line_d1d99900"
                    TAGREFS="LT8"
                    BASELINE="62 338 652 331" 
                    HPOS="62"
                    VPOS="302"
                    WIDTH="590"
                    HEIGHT="50">
            <Shape><Polygon POINTS="62 346 75 350 76 350 77 350 87 345 118 344 162 348 163 348 164 348 171 344 218 346 219 346 230 343 243 347 244 347 245 347 256 344 275 352 276 352 396 350 418 341 433 344 434 344 435 344 441 340 455 340 475 349 476 349 496 348 497 348 507 341 524 344 544 339 602 343 603 343 604 343 615 340 642 346 643 346 644 346 652 342 652 331 651 310 619 309 607 302 606 302 575 308 517 308 516 308 501 311 492 308 491 308 490 308 481 312 463 312 451 306 450 306 449 306 437 312 424 305 402 305 401 305 377 313 231 312 230 312 222 315 130 308 129 308 114 316 100 309 99 309 62 309 62 338"/></Shape>
            <String CONTENT="Ne debuoient point ny lire ny entendre,"
                    HPOS="62"
                    VPOS="302"
                    WIDTH="590"
                    HEIGHT="50"
                    WC="0.9953700090065981"></String>
          </TextLine>
          <TextLine ID="eSc_line_8ba46b3b"
                    TAGREFS="LT8"
                    BASELINE="64 377 675 371" 
                    HPOS="63"
                    VPOS="343"
                    WIDTH="612"
                    HEIGHT="52">
            <Shape><Polygon POINTS="64 377 64 386 143 386 207 395 207 395 208 395 226 385 247 384 268 394 269 394 270 395 308 395 308 394 364 393 365 393 365 393 371 390 399 393 400 393 400 393 401 393 413 385 424 386 424 386 425 386 426 386 432 382 476 385 477 385 531 382 547 386 548 386 548 386 549 386 562 382 579 391 580 391 581 392 609 392 609 391 609 391 610 391 617 387 674 390 675 371 674 350 650 343 649 343 613 343 613 343 612 343 594 348 554 344 553 344 552 344 552 344 544 350 526 347 525 347 525 347 518 350 491 348 491 348 459 351 442 346 442 346 441 346 440 346 428 352 419 348 418 348 417 348 417 348 407 352 398 347 398 347 397 347 396 347 383 352 302 353 283 349 283 349 246 353 238 348 238 348 237 348 202 348 201 348 201 348 200 348 190 354 145 354 112 349 76 349 75 349 74 349 63 353 64 377"/></Shape>
            <String CONTENT="Cõment (diſoit) y pourroit rien comprẽdre"
                    HPOS="63"
                    VPOS="343"
                    WIDTH="612"
                    HEIGHT="52"
                    ></String>
          </TextLine>
          <TextLine ID="eSc_line_ca717a41"
                    TAGREFS="LT8"
                    BASELINE="64 417 572 410" 
                    HPOS="63"
                    VPOS="384"
                    WIDTH="509"
                    HEIGHT="49">
            <Shape><Polygon POINTS="64 417 64 426 80 430 80 430 81 430 81 430 87 426 107 429 108 429 108 429 116 426 181 426 189 430 190 430 190 430 191 430 192 430 204 427 221 432 221 432 222 432 222 432 223 432 227 428 242 433 242 433 243 433 350 429 386 432 387 432 447 430 448 430 449 430 457 423 480 420 501 423 502 423 571 419 572 410 571 390 545 384 544 384 544 384 524 391 478 391 468 386 467 386 466 386 449 390 440 386 439 386 438 386 438 386 437 386 430 390 402 386 402 386 375 392 358 390 357 390 309 393 292 387 291 387 291 387 290 387 273 391 248 386 247 386 198 395 172 391 171 391 150 395 129 388 129 388 128 388 63 390 64 417"/></Shape>
            <String CONTENT="Ceſte ieuneſſe? &amp; ie n’y enten rien."
                    HPOS="63"
                    VPOS="384"
                    WIDTH="509"
                    HEIGHT="49"
                    WC="0.9709934045871099"></String>
          </TextLine>
          <TextLine ID="eSc_line_c3a28380"
                    TAGREFS="LT8"
                    BASELINE="68 456 600 448" 
                    HPOS="67"
                    VPOS="422"
                    WIDTH="533"
                    HEIGHT="50">
            <Shape><Polygon POINTS="68 456 68 462 77 466 78 466 78 466 104 462 121 471 122 471 123 472 148 472 148 471 181 468 181 468 182 468 189 462 209 470 209 470 210 470 237 465 243 469 243 469 244 469 245 470 289 470 289 469 319 468 320 468 341 458 391 458 400 462 400 462 401 462 402 462 409 459 417 462 418 462 419 462 419 462 420 462 420 462 426 457 461 461 461 461 462 461 463 461 468 456 493 466 493 466 494 466 511 466 511 466 512 466 535 455 571 455 586 460 586 460 587 460 588 460 600 454 600 448 599 428 556 424 556 424 555 424 554 424 548 428 539 422 539 422 538 422 513 422 512 422 512 422 492 428 466 422 466 422 402 430 377 430 365 424 365 424 364 424 363 424 363 424 354 430 321 426 320 426 285 432 234 432 226 429 225 429 224 429 224 429 212 432 201 428 200 428 200 428 199 428 182 433 170 428 169 428 169 428 121 433 107 428 106 428 106 428 67 428 68 456"/></Shape>
            <String CONTENT="Vingt ans y a que Dieu me fit ce bien,"
                    HPOS="67"
                    VPOS="422"
                    WIDTH="533"
                    HEIGHT="50"
                    WC="0.9892165284407767"></String>
          </TextLine>
          <TextLine ID="eSc_line_7e0c62b0"
                    TAGREFS="LT8"
                    BASELINE="64 495 651 487" 
                    HPOS="64"
                    VPOS="458"
                    WIDTH="587"
                    HEIGHT="51">
            <Shape><Polygon POINTS="647 466 646 465 614 462 613 462 566 466 550 458 549 458 548 458 548 458 535 465 520 462 519 462 495 466 476 459 476 459 475 459 439 460 438 460 417 467 390 466 389 466 388 466 375 469 354 466 354 466 353 466 352 466 346 470 257 470 234 463 234 463 233 463 232 463 232 463 222 470 200 463 200 463 199 463 150 472 132 466 131 466 131 466 114 470 104 465 104 465 103 465 64 465 64 495 65 509 89 502 118 502 167 502 180 509 181 509 181 509 182 509 201 500 220 500 234 508 234 508 235 508 261 505 271 509 272 509 272 509 335 508 350 508 351 508 368 498 432 500 433 500 434 500 446 497 455 503 456 503 457 503 457 503 458 503 471 496 512 498 524 505 524 505 525 505 525 505 620 504 621 504 634 499 650 504 651 487 650 466 647 466"/></Shape>
            <String CONTENT="D’eſtre Docteur par mon labeur &amp; cure,"
                    HPOS="64"
                    VPOS="458"
                    WIDTH="587"
                    HEIGHT="51"
                    WC="0.9848001693424425"></String>
          </TextLine>
          <TextLine ID="eSc_line_80cee0df"
                    TAGREFS="LT8"
                    BASELINE="65 533 554 527" 
                    HPOS="64"
                    VPOS="498"
                    WIDTH="490"
                    HEIGHT="48">
            <Shape><Polygon POINTS="65 533 65 540 113 546 114 546 155 546 156 546 165 540 181 545 182 545 182 545 183 545 200 539 253 544 253 544 254 544 266 538 280 543 281 543 282 543 282 543 283 543 294 536 315 542 316 542 316 542 360 535 386 538 387 538 415 534 446 539 447 539 447 539 457 534 486 538 487 538 516 533 541 540 541 540 542 540 543 540 554 537 554 527 553 507 506 507 484 498 484 498 483 498 482 498 456 506 433 504 427 498 426 498 426 498 425 498 389 499 388 499 388 499 374 508 339 505 338 505 337 505 321 510 258 510 245 501 244 501 243 501 243 501 198 502 197 502 161 511 144 507 143 507 142 507 113 510 88 503 87 503 87 503 64 506 65 533"/></Shape>
            <String CONTENT="Et touteſfois ie vous aſſeure bien,"
                    HPOS="64"
                    VPOS="498"
                    WIDTH="490"
                    HEIGHT="48"
                    WC="0.9631604892866952"></String>
          </TextLine>
          <TextLine ID="eSc_line_529bd01e"
                    TAGREFS="LT8"
                    BASELINE="67 573 631 565" 
                    HPOS="66"
                    VPOS="536"
                    WIDTH="565"
                    HEIGHT="57">
            <Shape><Polygon POINTS="67 573 67 593 157 593 157 592 158 592 168 587 178 592 179 592 179 593 200 593 200 592 255 583 290 591 291 591 291 591 314 585 338 590 339 590 383 590 384 590 384 590 399 580 445 580 459 584 460 584 461 584 492 580 533 580 545 587 546 587 546 587 547 588 568 588 568 587 569 587 585 578 631 577 631 565 629 538 532 544 520 536 520 536 519 536 504 536 504 536 503 536 489 544 479 537 478 537 478 537 443 537 442 537 442 537 441 537 431 545 409 545 397 538 396 538 396 538 395 538 394 538 373 545 350 538 350 538 349 538 348 538 330 547 318 546 308 539 307 539 306 539 306 539 305 539 304 539 290 548 266 543 265 543 264 543 253 548 242 545 242 545 241 545 207 549 190 546 189 546 160 550 129 550 121 544 121 544 120 544 120 544 119 544 109 547 97 542 97 542 96 542 66 545 67 573"/></Shape>
            <String CONTENT="Que n’ay encor leu la ſaincte eſcripture"
                    HPOS="66"
                    VPOS="536"
                    WIDTH="565"
                    HEIGHT="57"
                    WC="0.9731855139136314"></String>
          </TextLine>
          <TextLine ID="eSc_line_d20eeda9"
                    TAGREFS="LT10"
                    BASELINE="282 650 417 649" 
                    HPOS="282"
                    VPOS="620"
                    WIDTH="135"
                    HEIGHT="56">
            <Shape><Polygon POINTS="399 626 392 620 386 620 381 620 361 626 342 625 335 620 334 620 333 620 332 620 325 626 311 620 310 620 291 620 290 620 289 620 285 623 283 622 282 622 282 650 282 673 283 675 284 675 285 675 317 671 323 675 324 675 325 675 341 669 354 675 355 675 356 676 371 676 371 675 372 675 390 669 417 670 417 649 416 627 413 626"/></Shape>
            <String CONTENT="Douzain."
                    HPOS="282"
                    VPOS="620"
                    WIDTH="135"
                    HEIGHT="56"
                    WC="0.9215424098074436"></String>
          </TextLine>
          <TextLine ID="eSc_line_9400316f"
                    TAGREFS="LT8"
                    BASELINE="103 730 496 723 664 723" 
                    HPOS="102"
                    VPOS="676"
                    WIDTH="562"
                    HEIGHT="73">
            <Shape><Polygon POINTS="627 676 588 693 587 693 586 693 585 693 575 700 553 700 525 694 524 694 478 702 438 702 427 696 426 696 398 696 397 696 396 696 385 703 375 696 374 696 359 696 358 696 357 696 346 704 310 704 283 698 282 698 269 706 259 706 238 698 237 698 236 698 215 706 196 703 195 703 194 703 186 706 145 700 144 700 123 700 102 708 103 730 104 749 135 738 145 738 166 747 167 747 167 748 185 748 185 747 186 747 199 742 284 746 285 746 315 734 362 734 371 738 372 738 373 738 374 738 380 733 440 732 457 743 458 743 459 743 537 742 568 730 622 731 640 740 641 740 663 738 664 723 663 699 662 699"/></Shape>
            <String CONTENT="N gros Docteur ſur ſon mulet monté,"
                    HPOS="102"
                    VPOS="676"
                    WIDTH="562"
                    HEIGHT="73"
                    ></String>
          </TextLine>
          <TextLine ID="eSc_line_623175af"
                    TAGREFS="LT8"
                    BASELINE="113 769 500 762 699 762" 
                    HPOS="112"
                    VPOS="733"
                    WIDTH="587"
                    HEIGHT="58">
            <Shape><Polygon POINTS="113 769 113 791 171 789 171 789 188 782 222 789 223 789 253 785 280 788 280 788 281 788 291 784 301 787 301 787 302 787 302 787 310 784 318 787 319 787 320 787 365 787 366 787 383 778 485 777 505 785 506 785 506 785 524 782 547 784 548 784 548 784 549 784 562 776 573 776 585 784 586 784 586 784 587 784 602 784 602 784 619 780 630 783 630 783 631 783 632 783 649 774 664 782 665 782 665 782 699 782 699 762 699 736 684 733 684 733 586 740 577 734 576 734 575 734 575 734 574 734 562 738 540 735 539 735 504 742 484 739 484 739 468 742 456 736 455 736 428 736 428 736 427 736 405 743 395 738 394 738 394 738 393 738 378 744 335 744 293 738 293 738 292 738 280 744 246 745 234 740 233 740 232 740 232 740 231 740 223 746 200 747 173 747 158 740 158 740 157 740 131 741 130 741 112 747 113 769"/></Shape>
            <String CONTENT="Allant aux chãps du chemin ſe foruoye,"
                    HPOS="112"
                    VPOS="733"
                    WIDTH="587"
                    HEIGHT="58"
                    WC="0.9704495118214533"></String>
          </TextLine>
          <TextLine ID="eSc_line_fb5b5499"
                    TAGREFS="LT8"
                    BASELINE="75 809 659 801" 
                    HPOS="74"
                    VPOS="773"
                    WIDTH="585"
                    HEIGHT="54">
            <Shape><Polygon POINTS="75 809 75 820 108 820 121 826 122 826 123 826 123 826 137 818 187 818 213 827 213 827 214 827 250 824 261 827 261 827 262 827 262 827 263 827 272 820 286 826 287 826 287 826 336 825 337 825 354 816 366 816 394 825 395 825 396 825 419 824 419 824 420 824 434 814 473 814 487 824 488 824 489 824 489 824 582 822 583 822 598 814 623 822 624 822 625 822 659 819 659 801 658 779 620 775 619 775 619 775 603 780 566 773 565 773 565 773 548 780 524 777 524 777 499 780 491 774 490 774 489 774 472 774 472 774 471 774 470 774 464 778 428 775 427 775 426 775 403 782 383 776 382 776 381 776 381 776 351 783 259 781 258 781 240 784 208 779 207 779 207 779 192 786 170 786 74 780 75 809"/></Shape>
            <String CONTENT="Voyt vn Berger, vers luy ſ’eſt tranſporté,"
                    HPOS="74"
                    VPOS="773"
                    WIDTH="585"
                    HEIGHT="54"
                    WC="0.9826316999834638"></String>
          </TextLine>
          <TextLine ID="eSc_line_f2d8d052"
                    TAGREFS="LT8"
                    BASELINE="73 848 587 841" 
                    HPOS="72"
                    VPOS="814"
                    WIDTH="515"
                    HEIGHT="53">
            <Shape><Polygon POINTS="73 848 73 859 154 859 165 867 166 867 167 867 167 867 168 867 201 858 232 858 246 866 247 866 247 866 248 866 287 862 291 865 292 865 293 865 293 865 317 862 328 865 329 865 329 865 330 865 331 865 348 855 372 855 407 864 407 864 408 864 409 864 427 860 437 864 438 864 438 864 587 860 587 841 586 820 556 816 555 816 554 816 539 821 497 821 478 814 478 814 460 814 459 814 459 814 458 814 458 814 452 820 405 822 388 815 388 815 371 815 371 815 331 819 331 819 322 824 299 820 298 820 297 820 290 823 271 817 270 817 270 817 269 817 239 825 205 822 205 822 169 826 163 822 162 822 161 822 161 822 138 826 115 820 114 820 72 820 73 848"/></Shape>
            <String CONTENT="Le requerant luy enſeigner la voye."
                    HPOS="72"
                    VPOS="814"
                    WIDTH="515"
                    HEIGHT="53"
                    WC="0.9872480051858085"></String>
          </TextLine>
          <TextLine ID="eSc_line_25490527"
                    TAGREFS="LT8"
                    BASELINE="72 886 594 880" 
                    HPOS="72"
                    VPOS="854"
                    WIDTH="522"
                    HEIGHT="49">
            <Shape><Polygon POINTS="72 886 72 898 121 894 143 897 150 903 151 903 152 903 152 903 171 899 198 903 199 903 200 903 200 903 215 893 232 892 247 902 247 902 248 902 249 903 278 903 278 902 278 902 279 902 292 891 333 891 363 901 363 901 364 901 393 898 437 900 438 900 438 900 439 900 453 889 491 889 524 889 540 899 541 899 541 899 542 899 594 898 594 880 593 858 566 854 565 854 539 859 524 856 523 856 522 856 522 856 517 859 467 856 466 856 466 856 465 856 461 860 424 857 423 857 423 857 411 860 394 856 394 856 393 856 392 856 392 856 386 860 355 856 354 856 354 856 344 861 312 857 311 857 310 857 298 862 285 857 285 857 284 857 283 857 283 857 275 863 236 863 230 858 230 858 229 858 228 858 174 864 150 859 150 859 72 859 72 886"/></Shape>
            <String CONTENT="Le Berger va &amp; ce docteur conuoye"
                    HPOS="72"
                    VPOS="854"
                    WIDTH="522"
                    HEIGHT="49"
                    WC="0.9804585485747366"></String>
          </TextLine>
          <TextLine ID="eSc_line_5695956a"
                    TAGREFS="LT8"
                    BASELINE="75 925 665 919" 
                    HPOS="74"
                    VPOS="890"
                    WIDTH="591"
                    HEIGHT="52">
            <Shape><Polygon POINTS="75 925 75 932 158 932 176 942 177 942 177 942 178 942 186 938 193 941 194 941 194 942 249 942 249 941 249 941 262 936 273 940 274 940 274 940 347 940 348 940 365 933 375 938 375 938 376 938 377 938 390 931 414 937 415 937 415 937 416 937 436 931 458 934 459 934 487 928 520 938 520 938 521 938 558 937 558 937 559 937 573 927 639 927 665 931 665 919 664 897 607 890 606 890 605 890 590 897 586 894 585 894 584 894 584 894 583 894 576 898 508 898 489 891 488 891 487 891 426 899 394 892 394 892 393 892 379 898 346 894 346 894 345 894 335 899 298 900 221 894 221 894 220 894 203 901 179 896 179 896 178 896 177 896 169 902 138 895 137 895 137 895 136 895 127 902 85 896 84 896 83 896 83 896 74 902 75 925"/></Shape>
            <String CONTENT="Au droit chemin: pendant il luy vint dire"
                    HPOS="74"
                    VPOS="890"
                    WIDTH="591"
                    HEIGHT="52"
                    WC="0.9780199135222086"></String>
          </TextLine>
          <TextLine ID="eSc_line_0e0ebaae"
                    TAGREFS="LT8"
                    BASELINE="74 963 654 957" 
                    HPOS="73"
                    VPOS="931"
                    WIDTH="581"
                    HEIGHT="51">
            <Shape><Polygon POINTS="74 963 74 973 137 972 158 981 158 981 159 982 218 982 218 981 219 981 219 981 238 970 292 970 310 972 320 980 320 980 321 980 322 980 338 980 338 980 339 980 362 970 389 979 390 979 390 980 436 980 436 979 482 978 482 978 483 978 498 968 523 972 524 972 524 972 525 972 531 968 568 972 569 972 594 970 623 977 623 977 624 977 625 977 654 966 654 957 652 934 604 937 588 931 587 931 586 931 586 931 585 931 576 938 560 938 508 932 507 932 506 932 493 939 405 939 388 933 388 933 387 933 358 940 295 937 295 937 294 937 293 937 288 940 250 934 249 934 217 941 190 935 189 935 163 941 144 936 144 936 143 936 110 940 102 936 101 936 73 936 74 963"/></Shape>
            <String CONTENT="En ſon lourdois, qui eſtes vous beau Sire?"
                    HPOS="73"
                    VPOS="931"
                    WIDTH="581"
                    HEIGHT="51"
                    WC="0.9849705767063868"></String>
          </TextLine>
          <TextLine ID="eSc_line_bc96bf8c"
                    TAGREFS="LT8"
                    BASELINE="75 1001 626 997" 
                    HPOS="74"
                    VPOS="970"
                    WIDTH="552"
                    HEIGHT="44">
            <Shape><Polygon POINTS="75 1001 75 1008 105 1008 118 1014 119 1014 120 1014 150 1008 181 1014 182 1014 182 1014 194 1008 203 1012 203 1012 258 1014 259 1014 259 1014 275 1008 285 1013 285 1013 286 1013 354 1012 354 1012 367 1006 383 1010 383 1010 407 1006 429 1012 430 1012 430 1012 448 1008 460 1012 461 1012 461 1012 504 1006 519 1012 520 1012 520 1012 521 1012 535 1005 578 1005 585 1010 586 1010 586 1010 587 1010 626 1004 626 997 625 977 609 977 598 970 597 970 596 970 569 971 568 971 567 971 562 975 535 974 534 974 533 974 533 974 528 977 501 971 500 971 438 978 403 978 387 972 386 972 386 972 349 978 286 974 285 974 285 974 284 974 278 979 198 979 190 976 189 976 188 976 165 979 123 974 123 974 122 974 104 979 97 974 96 974 95 974 95 974 74 974 75 1001"/></Shape>
            <String CONTENT="Pardonnez moy ſi ie le vous demande."
                    HPOS="74"
                    VPOS="970"
                    WIDTH="552"
                    HEIGHT="44"
                    ></String>
          </TextLine>
          <TextLine ID="eSc_line_c0a37add"
                    TAGREFS="LT8"
                    BASELINE="74 1039 645 1036" 
                    HPOS="73"
                    VPOS="1008"
                    WIDTH="572"
                    HEIGHT="49">
            <Shape><Polygon POINTS="74 1039 74 1050 166 1048 189 1050 199 1056 200 1056 200 1056 201 1057 226 1057 226 1056 226 1056 244 1048 256 1056 257 1056 257 1056 258 1057 301 1057 301 1056 321 1056 322 1056 336 1048 360 1056 360 1056 361 1056 362 1056 378 1047 398 1050 399 1050 423 1047 430 1050 431 1050 432 1050 507 1046 527 1055 528 1055 529 1055 550 1052 569 1054 569 1054 570 1054 571 1054 579 1049 590 1054 591 1054 592 1054 645 1054 645 1036 644 1015 620 1008 619 1008 604 1008 603 1008 602 1008 602 1008 591 1014 550 1012 549 1012 529 1016 461 1016 444 1008 443 1008 428 1008 428 1008 427 1008 426 1008 415 1016 398 1009 397 1009 396 1009 396 1009 377 1016 352 1010 351 1010 350 1010 350 1010 342 1015 324 1011 323 1011 323 1011 322 1011 315 1016 301 1016 287 1010 287 1010 286 1010 264 1016 251 1010 251 1010 213 1010 212 1010 211 1010 186 1017 155 1016 146 1010 146 1010 145 1010 144 1010 124 1015 101 1010 100 1010 73 1012 74 1039"/></Shape>
            <String CONTENT="Docteur (dict il) plein de ſcience grande."
                    HPOS="73"
                    VPOS="1008"
                    WIDTH="572"
                    HEIGHT="49"
                    WC="0.9788696964581808"></String>
          </TextLine>
          <TextLine ID="eSc_line_fd6ce879"
                    TAGREFS="LT8"
                    BASELINE="75 1076 257 1080 640 1077" 
                    HPOS="75"
                    VPOS="1048"
                    WIDTH="565"
                    HEIGHT="63">
            <Shape><Polygon POINTS="75 1108 129 1100 163 1107 164 1107 165 1107 180 1100 282 1100 322 1110 322 1110 323 1111 368 1111 368 1110 369 1110 376 1107 386 1110 386 1110 387 1111 446 1111 446 1110 447 1110 476 1101 493 1109 493 1109 494 1110 519 1110 519 1109 520 1109 535 1103 546 1106 546 1106 547 1106 548 1106 548 1106 556 1101 567 1107 568 1107 569 1107 569 1107 589 1100 638 1102 640 1077 638 1054 612 1048 611 1048 579 1055 553 1050 552 1050 552 1050 544 1054 526 1048 525 1048 487 1048 486 1048 466 1048 466 1048 449 1056 361 1056 339 1048 339 1048 338 1048 337 1048 337 1048 325 1056 255 1056 240 1048 239 1048 238 1048 238 1048 237 1048 227 1056 190 1056 175 1049 175 1049 174 1049 117 1052 75 1048 75 1076 75 1108"/></Shape>
            <String CONTENT="Doncques de tout la cognoiſſance auez"
                    HPOS="75"
                    VPOS="1048"
                    WIDTH="565"
                    HEIGHT="63"
                    WC="0.9826340063198192"></String>
          </TextLine>
        </TextBlock>
        <TextBlock HPOS="59"
                   VPOS="703"
                   WIDTH="77"
                   HEIGHT="76"
                   ID="eSc_textblock_334ade36"
                   TAGREFS="BT10">
          <Shape><Polygon POINTS="59 703 59 779 136 779 136 703"/></Shape>
          <TextLine ID="eSc_line_c0732d2a"
                    TAGREFS="LT9"
                    BASELINE="72 758 107 758" 
                    HPOS="71"
                    VPOS="700"
                    WIDTH="35"
                    HEIGHT="63">
            <Shape><Polygon POINTS="71 700 71 757 71 762 105 763 106 757 106 729 105 705"/></Shape>
            <String CONTENT="V"
                    HPOS="71"
                    VPOS="700"
                    WIDTH="35"
                    HEIGHT="63"
                    WC="0.9988337159156799"></String>
          </TextLine>
        </TextBlock>
      </PrintSpace>
    </Page>
  </Layout>
</alto>
