790 1180
699 49 55 46 269

279 40 202 45 DIZAINS.

122 250 51 73 Q

127 86 590 49 Dict le berger: adieu ie vous commande,

129 127 595 53 Car mieux q̃ moy le chemin vous ſcauez.

379 201 119 51 Dizain.

201 270 487 57 Vel eſt le fruict de franche volonté

127 321 621 48 Quand on veut l’vn & lon fait du cõtraire?

120 363 517 42 Dieu en mon cœur a vn zele planté

123 401 569 43 D’euiter vice, & ne m’en puis diſtraire,

120 439 576 45 Dequoy me ſert le vouloir ſans le faire?

119 479 602 46 Ah les docteurs n’ont entendu ce poinct,

119 519 598 48 Car l’aiguillon du viel Adam me poingt,

121 558 567 45 Et ne puis voir ou la force peut eſtre

121 596 584 47 Du franc arbitre: helas ie n’en ay point:

122 635 580 58 Ou ſi i’en ay, Dieu ſeul en eſt le maiſtre.

392 709 74 58 Fin.
