823 1181
118 73 46 43 26

115 110 363 44 A la damnation treſtous.

149 150 389 41 Pour nous deliurer de cela,

118 187 466 49 Ton Fils Ieſus eſt nay pour tous,

114 228 387 44 En temps certain ſe reuela

114 268 481 46 Noſtre ſauueur & noſtre eſpoux,

114 307 521 51 Lequel ſouſtint pour nous les coups,

116 351 269 41 Le doux aigneau,

115 380 485 49 Fuſt mis à mort des cruelz loups,

116 423 516 46 Pour nous ſauuer, or chantons nau.

300 462 211 41 Autre chan ſon.

156 489 575 59 Sur le chant, Tous les regretz qu'onc¬

124 540 383 46 ques furent au monde, &c.

174 568 538 56 Vous paſteurs qui regentez le monde

180 620 557 45 Regardez bien en quel chemin & voye

122 656 616 48 Vous conduiſez moutons, & de quelle onde

122 696 613 46 Les abreuuez, rien n’eſt que Dieu ne voye.

162 729 579 51 Nourriſſez les du pain qu’õ faict & fõde

122 771 618 58 Des ſainctz eſcritz, gardez vous bien qu’on

158 816 97 47 n’oye

125 839 584 61 De voz bouches ſortir parole immonde,

130 887 572 49 Tous voz propos ſeront en ſaincte iove.

161 925 579 51 Chantez à Dieu, à Dieu, en voix profõde

133 967 607 48 Et delaiſſez de voz chants prendre proye:

132 1007 610 46 Gardez vous bien que le loup ne confonde

131 1044 560 56 Brebis, moutons, poulle, chapon, & oye.

284 63 243 46 CHANSONS

121 592 48 68 C
