793 1184
668 80 41 56 27

174 74 351 43 SPIRITVELLES.

83 585 61 79 V

127 107 512 56 Aucuns de vous ont relaxé la bonde

84 149 622 56 A tout peché, pour Dieu qu’on y pouruoye:

88 195 562 45 Car tout le mal, qui aux brebis abonde

86 233 602 48 Souuent prouient du paſteur qui deſuoye.

129 272 558 47 Pouures paſteurs voicy ou ie me fonde,

90 309 535 49 Suyuez Ieſus qui iamais ne foruoye

91 347 616 47 De luy tout bien & tout honneur redonde,

92 383 521 53 Allez à luy par foy, il vous conuoye.

288 448 212 48 Autre chanſon.

130 488 576 52 Sur le chant, de l’hymne: Verbum ſuper¬

88 534 227 44 num prodiens.

150 580 372 47 Erbe Diuin, verbe eternel,

146 628 441 44 Qui es venu pour les humains,

88 663 500 46 Nous chantons ton Nom ſolennel

90 704 419 45 Ioyeuſement ſoir & matins.

124 744 417 44 Illumine mon pouure cœur,

92 779 312 47 Tu es l’illumination,

88 818 363 48 Et le ſalut à tout pecheur

88 860 343 46 A toute gent & nation.

129 894 362 49 Auſſi tu es le protecteur,

94 934 388 50 Le defenſeur & le ſupport,

92 977 409 41 Pour ſouſtenir ton ſeruiteur,

89 1016 419 46 Si ſatan luy veut faire effort.

131 1055 511 60 Quand gens peruers de rage pleins
