803 1187
106 52 49 40 28

104 95 487 52 Viendront cuydans me deſpecher,

100 141 429 45 A toy iray par vaux & pleins,

104 180 432 39 Deuotement ſecours cercher.

142 214 363 45 Par toy ſeront debilitez

102 257 443 43 Mes ennemis, & ſans pouuoir:

102 295 417 47 Ie ne crains leurs ſubtilitez,

103 337 385 43 Si ie puis en toy foy auoir.

144 374 515 54 Si leurs chaſteaux ſont contre moy?

104 415 369 40 I’entens toute tentation,

104 451 475 46 Ie n’en prendray, ſoucy n’eſmoy:

105 490 376 46 Car ie ſuis ta plantation.

144 528 364 46 Si ie voy batailles leuer

108 569 444 46 Contre moy par mes ennemis,

110 607 396 44 Tu es fort pour me releuer,

113 645 517 46 Ouand i’ay mon eſpoir en toy mis.

147 685 448 46 I’ay demandé à mon Seigneur

112 724 407 45 Vne choſe de cœur parfaict,

113 764 576 52 C’eſt qu’il me doint maiſon d’honneur,

111 802 401 44 Pour le merite qu’il a faict.

149 840 501 49 Or faict en ſoit ſon ſainct vouloir,

114 884 523 50 Non point le mien, qui ne vaut rien,

115 921 404 43 Et qui de ſoy ne peut valoir

116 957 448 63 Choſe qui ſoit, ie l’enten bien.

226 50 246 44 CHANSONS
