803 1189
659 61 38 48 29

193 55 343 54 SPIRITVELLES.

85 318 53 67 A

79 114 626 53 Le Chrestien prie pour ſes pechez à Dieu ſeul re¬

112 155 574 60 dempteur, en la miſericorde duquel ſe confie.

122 234 528 54 Sur le chant, C’eſt vne dure departie.

147 309 432 52 Toy Seigneur ſans ceſſer crie,

150 351 471 54 Et du plus profond de mon cœur:

87 388 404 49 Eſcoute ma voix ie te prie,

87 429 481 47 Et vueille entendre ma clameur.

128 468 441 49 N’ayant regard à mon erreur.

87 509 431 45 Porter ne puis mon iniuſtice:

85 548 457 49 Mais par ta treſgrande douceur

87 587 467 49 Sois las à moy pecheur propice,

126 626 400 49 Mon ame du tout ſe confie

89 666 452 50 En ton certain parler Seigneur,

89 704 326 47 En eſperance de la vie

84 743 566 54 Que m’as promis, dont m’en tien ſeur.

126 784 382 48 L’eſpoir d’iſrael en luy eſt

87 823 421 48 Pour ſa grande miſericorde.

88 861 443 49 Redemption pleine nous faict

89 902 470 58 Far Ieſus qui pour nous accorde.
