804 1181
106 43 40 54 59

105 111 42 73 E

277 78 200 42 Autre chanſon.

147 111 502 53 Sprit, eſprit, tu es prompt & habile,

144 152 465 52 Voire ie dy par trop audacieux,

107 192 557 50 Ne voyant point que la chair eſt debile

110 229 473 51 Pour endurer le combat furieux

115 275 530 47 Qui par Satan le meurtrier enuieux.

111 310 586 51 Pour ton malheur à tout coup t’eſt liuré.

111 349 503 51 Leue tes yeux a ton Dieu gracieux,

113 389 472 50 Si tu pretens d’eſtre toſt deliuré.

151 427 491 53 Aye en luy ſeul toute ta confiance,

117 463 604 53 N’eſtimant rien tout le pouuoir humain:

116 503 449 51 Il briſera l’infernale puiſſance

114 540 499 56 De l’ennemi, par ſa robuſte main.

116 581 575 54 Delaiſſe donc l’appuy de l’homme vain,

120 623 493 50 Te repoſant ſur ton ſauueur Ieſus:

118 659 510 56 Et l’ennemy (tant ſoit il inhumain)

120 700 494 52 Sera mis bas par le Roy de là ſus.

156 736 580 55 Ne crain donc plus la malice & cautelle

122 776 534 57 Du vieil ſerpent qui te vient aſſaillir,

124 821 466 49 P'uis que tu as vne deffenſe telle,

126 856 550 55 Qui au beſoin ne te veut point faillir.

125 894 533 58 Et fay de toy crainte & doute ſaillir.

126 938 500 52 Car en croyaut il te donra ſupport,

126 976 460 48 Et en la fin te viendra recueillir

126 1015 526 59 Pour te mener de vray ſalut au port.

270 34 245 45 CHANSONS
