798 1181
627 51 51 49 37

144 57 350 44 SPIRITVELLES.

46 97 635 53 Donne à mon cœur vne extreme deſtreſſe.

46 137 551 51 Le ſens me faut & vertu me delaiſſe,

48 178 631 50 Touſiours eſtant douleur deuant mes yeux:

46 220 557 45 Ie te reclame & appelle en tous lieux,

49 259 598 48 Pour mettre fin à l’ennuy qui me poingt:

49 299 570 45 Si tu ne veux (helas) m’enuoyer mieux,

51 336 635 47 Au moins mon Dieu ne m’abandõne point.

53 467 631 57 Il prie d’eſtre deliuré des meſchaus, & eſtre en la

92 509 588 65 compagnie des fideles, pour louer Dieu en liber¬

94 558 227 47 té. Pſeaume 43.

93 626 577 62 Sur le chant, Iouyſſance vous donneray.

79 688 507 49 Vge moy mon Dieu, mon Sauueur,

80 729 455 46 Diſcerne ma cauſe & mon pleur

62 767 453 51 De la gent hypocrite & feincte.

63 807 449 47 Oſte moy de l’homme pecheur

65 846 397 44 Plein d’iniquité & d’erreur,

68 884 436 51 Qui contredit a ta loy ſaincte.

95 927 406 45 Tu es ma force & ma vertu:

70 962 435 52 Helas pourquoy me laiſſes tu?

71 1003 435 51 Et pourquoy triſte ie chemine:

78 1043 431 61 Quand tes ennemis as vaincu

51 675 31 96 I

471 1074 83 57 C .iii.
