799 1188
677 32 41 71 39

206 29 317 52 SPIRITVELLE.

70 224 49 90 S

82 77 413 64 Le ſoulas de ma conſcience.

280 141 249 65 ORAISON.

129 222 531 66 Alut en toy mon Sauueur i'ay trouué,

117 277 552 45 Quand i’ay voulu ſans fin te requerir.

80 315 586 54 Et quand mon cœur à toy ſeul i’ay leué,

76 355 501 48 Prompt as eſté à ma playe guarir.

75 399 523 41 Et maintenant mon ame voy perir,

74 434 581 45 Et aux enfers ſans nul eſpoir deſcendre.

75 474 622 46 Mõ Dieu, mõ Dieu vueilles moy ſecourir,

73 512 527 60 Et du danger par grace la defendre.

75 629 626 50 Il proteſte de ſeruir à Dieu toute ſa vie, en rememo

110 672 592 51 rant les grans benefices d’iceluy enuers ſon peu¬

112 711 209 54 ple, & ſes eſleus.

75 783 622 65 Sur le chant, Tant que viuray en aage floriſ

110 829 133 51 ſant, &c.

120 906 492 48 Ant que viuray en age floriſſant,

116 948 536 47 Ie ſeruiray le Seigneur tout puiſſant,

73 984 597 48 En faicts, en dicts en chanſons par accord.

73 1028 533 74 Le vieil ſerpent m'a tenu languiſſant:

76 898 45 76 T

460 1064 93 59 C .iiii.
