809 1185
96 47 27 44 42

270 44 266 50 CHANSONS

88 89 607 50 Par luy plaiſant deuant Dieu l’homme eſt$

597 128 96 53 (faict:

88 128 467 48 Tous ſes eleus y ſont mondifiez,

88 169 460 47 Qui en luy ſeul ſe ſont glorifiez

89 207 604 53 Croyans par foy que luy ſeul eſt parfaict:

83 248 305 50 L’agneau ſans tache,

83 288 216 44 Mis a l’atache,

83 328 225 46 Pour nettoyer,

81 368 184 44 Et enuoyer,

81 405 229 45 Auſſi demettre

82 445 294 42 Comme le maiſtre,

81 482 437 47 Le vieil Adam qui fait pecher.

117 524 572 47 Mon doux Ieſus a toy requiers pardon:

78 563 607 47 A ioinctes mains, par foy, & non par don.

78 604 604 44 Le cœur fait tout enuers toy pardonneur:

77 641 504 44 Ie ne l’attends par cire ne par don,

78 679 611 48 Ne par bien faict: car ce n’eſt que chardon.

79 718 576 52 Gloire i’atten de toy au parc d’honneur:

75 758 259 47 Rien par merites

75 796 271 46 Ainſi qu’hermites,

74 835 256 46 Dieu voit la foy,

75 875 225 47 En qui ie croy,

72 915 280 44 Bon Roy de gloire

72 953 264 48 Lequel i’honnore,

75 993 386 59 Oy l’oraiſon, ie croy a toy.
