813 1188
688 58 35 52 43

204 56 334 49 SPIRITVELLES.

89 185 49 70 F

283 101 249 48 ORAISON.

116 180 603 51 Ay moy mon Dieu ceſte grace & ce bien,

142 220 541 50 Q’au pris de toy ie n’eſtime tout rien:

102 259 619 48 Non les honneurs, non les biens, non la vie.

95 301 533 45 Fay moy ce bien, que mon ame rauie

93 339 515 49 Par ton Eſprit, ne ſouhaitte d auoir

96 378 619 47 Iamais autre heur, mõ Dieu, que de te voir.

95 418 618 49 Fay moy ce biẽ mõ Dieu, quoy que ie face,

97 458 537 52 Que ta bonté tous mes pechez efface.

90 570 612 57 Autre chanſon ſur le premier Pſeaume de Dauid.

128 650 421 52 Sur le chant, Dont vient cela.

153 720 518 63 Ombien ſera l’hõme fidelle heureux

152 770 514 47 Qui n’eſt allé au conſeil ni au rancs

94 807 450 49 Ni aſſiſté auec les malheureux,

93 848 615 51 Ainſi qu’ont fait pluſieurs docteurs errans,

97 890 540 47 Qui ſe ſont mis au rang des ignorans,

95 926 486 50 Et aſſis ſur leur chaire peſtilente,

96 966 477 51 Pour impugner la verité patente.

136 1007 423 47 Certes celuy qui a ſa volonté

98 1043 479 69 Miſe a garder la loy du createur,

92 723 48 69 C
