805 1193
78 57 39 47 44

260 60 245 40 CHANSONS

71 97 456 46 Et nuit & iour en elle a medité,

71 137 544 49 Et bienheureux: car il ha pour docteur

74 174 532 51 L'Eſprit de Dieu qui le fait ſeruateur

70 215 487 50 De ceſte loy, a la chair impoſſible,

78 254 604 53 Qui au croyãt par Chriſt eſt fait poſſible.

107 296 495 47 Celuy ſera comme l’arbre planté

72 336 599 47 Aupres du cours des argentins ruiſſeaux,

72 375 535 48 Qui en ſon temps fera fruit a planté:

69 414 615 45 Iamais ſes feuilles, n’auſſi ſes vers rameaux

69 455 575 46 Ne tomberont, ne par vent ne par eaux:

70 495 540 43 Car le tout tient a l’arbre & ſa racine,

70 531 450 45 C’eſt a Ieſus, auſſi a ſa doctrine.

108 566 525 53 Ainſi ne font qui de mal ſont enflez,

68 611 615 47 Mais tous en poudre ſeront ſoudainement

67 648 615 53 Deuant la face au Seigneur Dieu ſoufflez:

67 691 523 44 C’eſt aſſauoir, menez a damnement,

65 729 526 45 Sans faire tort a nul, mais iuſtement:

69 767 526 50 Car le Seigneur peut denier ſa grace

68 806 533 50 A qui luy plait, auſſi monſtrer ſa face.

101 848 523 46 Les reprouuez point ne conſiſteront

66 886 559 48 Auec les bons, n’au conſeil des croyans:

63 925 585 50 Mais cõme gens meſchans bannis ſeront,

64 965 569 48 Et mis au feu comme chiens abbayans.

63 1002 600 53 Raiſon pourquoy? ils ſout tous deſuoyans

64 1043 593 61 Du Seigneur Dieu, & n’ont en luy fiance:
