791 1189
678 68 36 46 45

217 55 341 46 SPIRITVELLES.

101 101 542 50 Mais en leurs faits & feinte penitence.

139 144 576 49 Car le Seigneur cognoiſt qui eſt des ſiẽs,

99 184 545 45 Et de tous iuſtes approuue le chemin:

99 225 584 46 Les meſcroyans ſont pires que les chiens,

99 262 450 49 Et leur chemin perira en la fin:

95 301 527 49 Et leurs docteurs iront tous à declin,

99 340 511 49 Et ſeront mis à mort par la parolle

100 381 551 47 De Ieſus Chriſt, qui le croyant conſole.

137 419 575 51 Mon Dieu à toy ie rẽds gloire & hõneur,

97 457 520 50 A Chriſt auſſi ton bien-aimé enfant,

93 500 619 47 Lequel pour vray eſt fait mon moyenneur.

92 539 602 48 Pour mon malheur, cela le cœur me fend.

90 577 522 47 Autre ſalut que par luy me deffend:

91 616 620 47 Grace & pardon, à iointes mains demande,

90 655 570 53 Recteur du ciel, à toy me recommande.

276 733 212 51 ORAISON.

156 811 313 49 Qui la machine ronde

155 852 351 50 Par ta parolle maintiens,

89 895 442 47 Seigneur en qui grace abonde,

91 935 447 45 Conte moy touſiours des tiens.

89 971 336 49 Illumine, guide, pouſſe

88 1009 510 50 Mon cœur, ma voix, & mon pouſſe:

88 1052 364 55 A penſer, chanter, ſonner,

94 816 62 68 O
