796 1187
98 53 34 53 46

296 58 237 46 CHANSONS

92 527 38 64 L

92 98 411 49 Hymnes, qui deuant ta face,

92 139 456 51 Puiſſent trouuer quelque grace,

96 180 390 49 S’il te plaiſt me la donner.

91 255 625 52 Brief diſcours du peché, & condamnation de l’hõ¬

126 298 589 52 me, & de la reparation faite par la ſeule obla¬

127 338 195 49 tion de Chriſt.

124 416 586 53 Sur le chant, Languir me fais ſans t’auoir

89 454 140 46 offenſée.

137 525 493 58 E vieil ſerpent par venimeux ſibile:

135 570 502 52 Noſtre mere Eue a tant arraiſonné,

87 611 550 51 Qu’elle mangea du fruit empoiſonné:

87 651 493 49 Car elle fut en la foy mout debile.

123 690 519 49 Le pere Adam de croire trop facile,

85 730 554 50 Fut par ſa femme alors tant blaſonné,

83 768 486 49 Et ſermonné, qu’il fut abandonné

84 807 598 52 A en manger: las que l’homme eſt fragile.

121 849 499 47 Lors à la mort criminelle & ciuile

83 886 521 46 Par ſon peché, & mal fut condamné:

82 926 506 47 Et reietté de Dieu, comme damné:

85 964 519 48 Car il n’eſtoit au monde rien ſi vile.

131 1002 575 55 Pour garder l’huis de la treſhaute ville,

83 1038 431 64 Vn cherubin fut là determiné,
