803 1187
669 68 38 48 47

229 60 356 42 SPIRITVELLES.

99 107 532 47 Tenant au poing vn glaiue deſgainé,

98 147 530 44 Glaiue trenchant & glaiue verſatile.

137 186 545 46 Pour appaiſer de Dieu l’ire indicible,

96 224 417 47 Le bon Abel de foy illuminé

98 267 408 46 Sacrifia, ſon peché pardonné

98 305 540 44 Eſtre ne peut: car l’homme eſt inutile.

133 342 505 47 Oblations de pains faicts de ſimile

101 382 432 44 Et ſacrifice a Dieu fut amené

96 422 613 46 De bœufs, de veaux, mais tout biẽ demené

95 462 597 45 D’appaiſer Dieu, à Moyſe eſt impoſſible.

133 499 574 47 L’hõme n’auoit en ſoy rien de poſſible,

93 538 441 45 Et ſon proces eſtoit ia fulminé

91 578 525 43 Il luy faut donc Chriſt incontaminé

89 616 536 47 Pour appaiſer l’ire de Dieu horrible.

131 656 509 46 Au temps preueu du celeſte concile

91 696 511 45 En Bethleem le Fils de Dieu eſt né,

91 735 612 47 Pour nous ſauuer l’enfant nous eſt donné:

91 774 516 48 De luy tout ſeul noſtre ſalut diſtille.

131 813 572 49 Le ſaint enfant (comme dit l’Euangile)

91 853 468 47 Dedans la creche il fut la recliné,

91 896 446 45 Humilié pour nous & encliné:

91 934 498 47 Penſe a cela & croy homme labile.

127 972 573 50 De ſon pur ſang pardon decoule & file:

91 1012 481 49 Car c’eſt celuy que le Pere a ſigné,

91 1051 481 56 Et dés Adam par luy fut aſſigné
