830 1186
138 31 51 60 48

289 39 253 42 CHANSONS

127 81 559 48 Pour par ſa mort, ſauuer & fils & filles.

168 121 489 47 Qui croit cela, il eſt de la famille

127 161 536 43 De Ieſus Chriſt, & eſt de Dieu mené:

127 199 484 47 Et ſon peché luy eſt tout condoné

127 239 544 50 Et pardonné, par foy tout eſt loyſible.

168 278 449 50 Il a briſé par ſon ſang le ſigille

128 321 415 45 De peché, qui eſtoit enraciné

129 359 526 46 En noſtre chair, helas poure obſtiné

132 396 526 48 Vien a Ieſus, foy t’apprendra le ſtile.

158 438 583 46 Chante d’eſprit quand tu coux ou tu file.

130 475 482 46 Et note bien ce que i’ay ramené,

130 513 510 45 En la chanſon, ſ’il eſt bien retourné

129 551 467 50 Et entendu, il t’eſt ſainct & vtile.

307 632 215 47 ORAISON.

196 701 484 61 Eternel, plein de clemence grande:

190 750 520 48 Pren à merci ton humble ſeruiteur,

129 792 596 46 Entre tes mains ſon ame il recommande:

129 834 534 44 Autre que toy n’eſt ſon conſeruateur,

130 871 525 44 Sois de ſa voix debonnaire auditeur,

130 912 614 47 Au grief torment qui ſon eſprit tormente:

131 952 474 45 Veu que tu es bening conſolateur

130 987 519 62 De l’affligé, qui pres de toy lamente.

139 707 59 75 O
