802 1187
663 49 45 53 55

230 50 338 50 SPIRITVELLES.

93 94 617 55 Tous les honneurs, pour leſquels on cõtẽd,

94 137 560 52 Ne pourroyent pas à mon deſir ſuffire.

94 178 559 49 Tous les threſors, ou le vulgaire aſpire,

92 219 528 49 Et pour leſquels il ſe va combattant:

93 260 598 45 En mõ endroit de pouuoir n’ont pas tant,

103 298 607 51 Que pour tous eux, vn ſeul coup ie ſou¬

131 342 103 41 ſpire.

100 375 489 51 Tels plaiſirs ſont du vice les appas.

95 413 621 49 Pour tels honneurs ſouuẽt on tombe à bas:

96 453 622 50 Et grans threſors cauſent ſouuent triſteſſe.

96 493 597 50 Pour n’eſtre donc à tous ces maux ſubiet,

94 532 547 50 Chriſt ſeul ſera de mon eſprit l’obiet:

94 569 628 54 C’eſt mon plaiſir, mon hõneur, ma richeſſe.

309 649 202 48 Autre chanſon.

135 728 586 53 Sur le chant, Maudite ſoit la mondaine ri¬

100 771 109 52 cheſſe.

171 839 463 56 Audite ſoit la mondaine richeſſe

171 886 555 51 Qui les humains tient ſi fort en ſa leſſe

100 929 597 48 L’vn par argent a l’amour de Dieu quiſe.

102 967 591 51 Et l'autre l'a en poureté acquiſe,

102 1004 633 55 Les biens mondains n’ont vers Dieu grand

145 1047 136 55 addreſſe.

96 851 67 71 M

498 1080 102 56 D .iiii.
