832 1187
111 82 46 42 4

125 121 617 67 CHANSON SPIRITVEI

154 174 557 49 LE SVR LES ARTICLES

323 233 266 40 DE LAFOY.

157 282 591 52 Sur le chant, Faute d’argent, la malheu¬

123 322 204 46 reuſe chance.

172 378 559 51 V grand conſeil par diuine ordonnance

160 421 514 43 Fut decreté qu’au Pere entierement

119 458 580 47 Chacun croyroit, & au Fils ſa puiſſance:

115 497 467 48 Par lequel ſeul il a le firmament

114 539 459 42 Fait & creé auec ſon ornement:

118 577 574 45 La terre auſsi, comme Moyſe recueille.

115 619 533 42 Cela ie croy de cœur certainement,

111 656 579 48 Faute de Foy c’eſt douleur nompareille.

152 692 543 55 P certain temps le Pere de clemence

115 735 533 46 Nouu a donné ſon Fils benignement,

113 773 542 47 Pour ſatisfaire a luy de noſtre offenſe,

112 815 585 45 Et fut conceu du ſainct Eſprit vrayment.

113 855 513 45 Nay de Marie & nourry purement,

116 893 631 50 Vierge auſsi mere de Dieu, grãde merueille.

113 933 505 44 Ie croy cela de cœur certainement,

113 972 566 45 Faute de foy c’eſt douleur nompareille.

145 1006 523 54 Il a ſouffert deſſouz Pilate outrance,

119 1050 479 57 Qui le liura a mort iniuſtement:

274 73 243 45 CHANSONS

118 373 49 73 A
