801 1189
672 64 36 44 61

163 58 345 47 SPIRITVELLES.

84 257 32 69 I

87 102 625 53 Louange à Dieu qui nous a rachetez par ſon bien

120 143 301 53 aymé Fils Ieſus Chriſt.

121 198 573 58 Sur le chant, Iouyſſance vous donneray,

116 261 394 52 L appartient los & honneur

111 307 500 47 A toy tout ſeul mon bon Seigneur.

92 347 553 45 Quant eſt de nous, nous ſommes d’ire:

96 383 512 51 Vrays fils d’Adam, remplis d’erreur,

91 424 438 46 Et vn chacun de nous pecheur.

92 462 379 46 La verité le me fait dire.

126 500 394 50 Ieſus ton Fils noſtre prelat,

88 540 416 44 Noſtre frere, noſtre aduocat,

85 581 399 43 En la croix a eu la victoire

87 618 400 45 Contre Satan, & le combat.

89 659 380 45 Or par ce vertueux debat

89 698 561 48 L’homme eſt mis en honneur & gloire

126 737 425 46 L’amour de luy l’a fait venir,

92 776 386 47 Voire ſans noſtre deſeruir

89 813 423 51 Meritoire, mais par ſa grace:

90 856 430 44 Bien il nous en doit ſouuenir,

90 897 420 44 Et recorder iuſqu’au mourir.

91 933 536 51 L’ingrat me deſplaiſt, quoy qu’il face.

131 976 434 45 Si pour Chriſt auons du ſouci,

92 1014 474 47 De nous n’en ha pas moins auſſi,

95 1054 501 53 Amour le nous doit faire entendre:
