801 1184
88 60 41 49 68

277 63 246 43 CHANSONS

90 347 60 75 D

87 103 622 52 Ceux qui ont renoncé au monde, & ſes concupi¬

125 145 587 49 ſcenſes, recoyuent la mort agreablement: mais

121 184 589 50 ceux qui ſont addonnez à mondains plaiſirs,

121 226 360 48 Ia trouuent aſpre & cruelle.

86 288 626 54 Sur le chant, La, la tenez vos amours ſecret◊

144 340 394 56 Ouce mort, heureuſe mort,

148 382 371 53 Par toy nous auons la vie:

92 426 430 52 Quoy que les ſages mondains

92 467 440 48 Te craignent comme ennemie,

89 505 467 50 Leurs iugemens ſont trop vains,

89 542 351 53 Ie ne les en croiray mie.

217 580 255 48 Douce mort, &c.

131 616 420 52 Du monde tant plein d’abus,

90 659 339 54 D’orgueil, & de vilenie

93 695 465 55 Nous met hors, & des faux buts,

91 738 354 54 Pour auoir ioye infinie.

220 782 247 45 Douce mort, &c.

136 816 426 52 Viure en ce monde meſchant,

97 858 367 51 N'eſt que toute faſcherie,

93 897 368 50 Bonté on y va cherchant,

94 937 332 53 Il n’y a que tromperie.

220 978 244 44 Douce mort, &c.

137 1012 416 51 Parquoy bien-heureux celuy,

95 1052 399 69 Duquel l’ame en eſt bannie,
