784 1188
709 37 26 61 5

247 36 336 47 SPIRITVELLES.

95 82 558 48 Pendant en croix en grande patience:

91 122 555 46 Aueque deux brigands honteuſement.

89 160 544 47 Helas c’eſtoit pour noſtre ſauuement.

89 201 549 46 Le centenier ce, voyant ſ’eſmerueille:

89 242 509 43 Ie croy cela de cœur certainement:

89 277 579 48 Faute de foy c’eſt douleur nompareille.

114 317 605 48 Apres ſa mort Ioſeph par grand conſtãce,

92 357 495 42 Enſeuelit le corps de l’innocent:

90 392 594 49 De là deſcend és enfers ſans doubtance

89 434 556 41 Pour deliurer ſes eſleuz de tourment.

87 475 564 45 Dieu au tiers iour le corps diuinement

85 512 529 50 Reſſuſcita, nous gardant la pareille.

88 555 511 42 Ie croy cela de cœur certainement:

85 592 581 47 Faute de Foy c’eſt douleur nompareille.

128 633 525 46 Quarante iours apres la deliurance,

85 675 506 41 Aux cieux monta victorieuſement,

85 712 543 47 De là viendra en ſa grand excellence,

85 753 536 43 Des vifz & mortz faire le iugement.

90 792 539 45 Qui croit cela ne mourra nullement,

85 830 485 47 Mais eſt paſſé en la vie eternelle.

85 871 512 47 Ie croy cela de cœur certainement,

85 910 568 47 Faute de foy c’eſt douleur nompareille.

122 951 533 44 Au ſainct Eſprit tu auras ta creance,

84 986 499 51 Lequel regit l’Egliſe ſainctement,

87 1028 530 57 La compagnie de ceux qui ont fiance

494 1068 87 53 A .iii.
