790 1185
679 63 39 47 71

208 55 351 50 SPIRITVELLES.

85 408 51 74 P

92 99 349 53 Nul d’elle ſoit indigné,

91 142 394 50 A tout plaiſir nous conuie.

215 183 257 50 Douce mort, &c.

92 256 626 58 Perſuaſion d’aimer Dieu, & fuyr le monde & ſes

131 306 196 45 concupiſcences.

123 356 417 52 Sur le chant du Pſeaume 46.

142 411 463 54 Vis que le ſainct Eſprit m’inſpire,

134 458 465 47 Qu’a Dieu ſeulement me retire,

91 497 434 47 Et que luy ſeul faut reclamer,

89 538 467 45 Ie ne veux plus que Dieu aimer.

128 576 398 44 Fi de danſes, fi de banquets,

90 611 395 49 Fi de ioyaux, fi d’affiquets:

91 652 428 47 Ou le bien ſe peut conſumer,

89 693 471 46 Ie ne veux plus que Dieu aimer.

130 731 368 47 Dieu eſt ma conſolation,

92 768 412 51 Mon ſupport & protection,

93 809 484 46 En mon cœur le veux imprimer,

94 848 489 47 Et ne veux plus le monde aimer.

131 886 452 47 Doreſnauant Dieu veux ſeruir,

94 926 408 47 Et à ſon vouloir m’aſſeruir,

98 965 519 52 Quoy que lon m’en vueille blaſmer,

95 1007 463 48 Ie ne veux plus que Dieu aimer.

136 1046 433 53 On m’aura beau doreſnauant

502 1077 97 57 E .iiii.
