<?xml version="1.0" encoding="UTF-8"?>
<alto xmlns:xsi="http://www.w3.org/2001/XMLSchema-instance"
      xmlns="http://www.loc.gov/standards/alto/ns-v4#"
      xsi:schemaLocation="http://www.loc.gov/standards/alto/ns-v4# http://www.loc.gov/standards/alto/v4/alto-4-2.xsd">
  <Description>
    <MeasurementUnit>pixel</MeasurementUnit>
    <sourceImageInformation>
      <fileName>73_cb17a_default.jpg</fileName>
      <fileIdentifier>https://iiif.onb.ac.at/images/ABO/Z167383706/00000074/full/full/0/default.jpg</fileIdentifier>
    </sourceImageInformation>
  </Description>
  <Tags>
    <OtherTag ID="BT7" LABEL="CustomZone" DESCRIPTION="block type CustomZone"/><OtherTag ID="BT8" LABEL="DamageZone" DESCRIPTION="block type DamageZone"/><OtherTag ID="BT9" LABEL="DigitizationArtefactZone" DESCRIPTION="block type DigitizationArtefactZone"/><OtherTag ID="BT10" LABEL="DropCapitalZone" DESCRIPTION="block type DropCapitalZone"/><OtherTag ID="BT11" LABEL="GraphicZone" DESCRIPTION="block type GraphicZone"/><OtherTag ID="BT12" LABEL="MainZone" DESCRIPTION="block type MainZone"/><OtherTag ID="BT13" LABEL="MarginTextZone" DESCRIPTION="block type MarginTextZone"/><OtherTag ID="BT14" LABEL="MusicZone" DESCRIPTION="block type MusicZone"/><OtherTag ID="BT15" LABEL="NumberingZone" DESCRIPTION="block type NumberingZone"/><OtherTag ID="BT17" LABEL="QuireMarksZone" DESCRIPTION="block type QuireMarksZone"/><OtherTag ID="BT18" LABEL="RunningTitleZone" DESCRIPTION="block type RunningTitleZone"/><OtherTag ID="BT19" LABEL="SealZone" DESCRIPTION="block type SealZone"/><OtherTag ID="BT20" LABEL="StampZone" DESCRIPTION="block type StampZone"/><OtherTag ID="BT21" LABEL="TableZone" DESCRIPTION="block type TableZone"/><OtherTag ID="BT22" LABEL="TitlePageZone" DESCRIPTION="block type TitlePageZone"/>
    <OtherTag ID="LT7" LABEL="CustomLine" DESCRIPTION="line type CustomLine"/><OtherTag ID="LT8" LABEL="DefaultLine" DESCRIPTION="line type DefaultLine"/><OtherTag ID="LT9" LABEL="DropCapitalLine" DESCRIPTION="line type DropCapitalLine"/><OtherTag ID="LT10" LABEL="HeadingLine" DESCRIPTION="line type HeadingLine"/><OtherTag ID="LT11" LABEL="InterlinearLine" DESCRIPTION="line type InterlinearLine"/><OtherTag ID="LT12" LABEL="MusicLine" DESCRIPTION="line type MusicLine"/><OtherTag ID="LT1205" LABEL="default" DESCRIPTION="line type default"/>
  </Tags>
  <Layout>
    <Page WIDTH="793"
          HEIGHT="1176"
          PHYSICAL_IMG_NR="73"
          ID="eSc_dummypage_">
      <PrintSpace HPOS="0"
                  VPOS="0"
                  WIDTH="793"
                  HEIGHT="1176">
        <TextBlock HPOS="96"
                   VPOS="53"
                   WIDTH="55"
                   HEIGHT="46"
                   ID="eSc_textblock_377be366"
                   TAGREFS="BT15">
          <Shape><Polygon POINTS="96 53 96 99 151 99 151 53"/></Shape>
          <TextLine ID="eSc_line_e2b29184"
                    TAGREFS="LT8"
                    BASELINE="99 86 142 85" 
                    HPOS="97"
                    VPOS="53"
                    WIDTH="44"
                    HEIGHT="41">
            <Shape><Polygon POINTS="116 53 106 53 98 53 97 53 98 85 98 94 141 89 141 84 139 55 125 53 116 53"/></Shape>
            <String CONTENT="72"
                    HPOS="97"
                    VPOS="53"
                    WIDTH="44"
                    HEIGHT="41"
                    WC="0.9990728795528412"></String>
          </TextLine>
        </TextBlock>
        <TextBlock HPOS="215"
                   VPOS="38"
                   WIDTH="267"
                   HEIGHT="48"
                   ID="eSc_textblock_db6078d5"
                   TAGREFS="BT18">
          <Shape><Polygon POINTS="215 38 215 86 482 86 482 38"/></Shape>
          <TextLine ID="eSc_line_6d0287cf"
                    TAGREFS="LT10"
                    BASELINE="220 77 470 73" 
                    HPOS="219"
                    VPOS="44"
                    WIDTH="251"
                    HEIGHT="48">
            <Shape><Polygon POINTS="461 49 455 49 448 48 441 48 435 48 428 47 422 47 415 47 411 47 409 47 402 47 396 46 389 46 383 46 381 45 379 47 376 45 370 45 363 45 360 45 356 47 346 45 343 45 337 44 330 44 324 44 303 48 298 44 291 45 286 45 278 47 275 45 271 45 265 45 258 45 252 45 245 45 239 46 232 46 226 46 223 46 219 48 220 77 220 92 248 92 248 91 249 91 249 90 253 88 268 91 269 91 294 86 318 90 319 90 331 84 349 86 350 86 373 82 419 82 430 88 431 88 432 88 443 82 469 88 470 73 468 49"/></Shape>
            <String CONTENT="CHANSONS"
                    HPOS="219"
                    VPOS="44"
                    WIDTH="251"
                    HEIGHT="48"
                    WC="0.9992291405797005"></String>
          </TextLine>
        </TextBlock>
        <TextBlock HPOS="77"
                   VPOS="94"
                   WIDTH="549"
                   HEIGHT="991"
                   ID="eSc_textblock_bdd637ad"
                   TAGREFS="BT12">
          <Shape><Polygon POINTS="91 1081 77 94 626 94 626 1085"/></Shape>
          <TextLine ID="eSc_line_6ade9102"
                    TAGREFS="LT8"
                    BASELINE="94 127 291 121 507 122" 
                    HPOS="94"
                    VPOS="90"
                    WIDTH="413"
                    HEIGHT="47">
            <Shape><Polygon POINTS="506 97 502 94 491 92 490 92 490 92 477 96 444 92 443 92 443 92 436 96 426 90 426 90 425 90 424 90 409 96 361 94 360 94 339 97 332 92 332 91 332 91 331 91 313 91 313 91 281 92 281 92 280 92 270 98 252 95 251 95 251 95 250 95 250 96 247 98 233 98 227 93 227 92 226 92 226 92 225 92 224 92 209 98 196 93 195 93 194 93 171 96 162 94 162 94 161 94 160 94 143 99 126 94 126 94 125 94 124 94 111 98 101 94 100 94 100 94 99 94 98 94 94 97 94 127 94 134 196 137 197 137 198 137 198 137 198 136 202 132 284 131 294 135 294 135 295 135 319 131 322 134 323 134 324 134 324 134 325 134 331 131 368 135 369 135 398 130 422 134 423 134 424 134 440 130 452 133 453 133 453 133 507 133 507 122 507 98 506 97"/></Shape>
            <String CONTENT="Mettre autre ſalut en auant:"
                    HPOS="94"
                    VPOS="90"
                    WIDTH="413"
                    HEIGHT="47"
                    WC="0.9973750476326261"></String>
          </TextLine>
          <TextLine ID="eSc_line_3a3528ce"
                    TAGREFS="LT8"
                    BASELINE="99 163 266 160 528 162" 
                    HPOS="98"
                    VPOS="133"
                    WIDTH="430"
                    HEIGHT="43">
            <Shape><Polygon POINTS="526 133 507 139 438 139 429 135 428 135 428 135 408 138 402 133 402 133 402 133 401 133 382 133 381 133 381 133 380 133 371 138 360 133 359 133 358 133 336 137 323 134 322 134 322 134 321 134 321 135 316 139 295 139 288 133 287 133 286 133 286 133 231 138 213 135 212 135 211 135 211 135 207 139 183 135 182 135 181 135 175 139 165 133 164 133 164 133 163 133 147 139 134 133 133 133 132 133 98 134 99 163 99 170 117 174 118 174 137 170 149 175 149 175 150 175 151 175 165 170 185 175 186 175 186 175 187 175 206 170 236 174 236 174 237 174 237 174 241 170 251 173 252 173 253 173 270 171 277 175 277 175 278 175 279 175 279 175 280 175 287 170 305 170 311 175 311 175 312 175 313 175 313 176 374 176 374 175 375 175 390 171 394 175 395 175 396 175 396 175 397 175 398 175 398 175 401 172 428 175 428 175 429 175 430 175 430 174 436 169 453 169 460 175 461 175 462 175 462 175 490 175 490 175 490 175 491 175 491 174 496 170 506 175 506 175 507 175 528 173 528 162 526 135 526 133"/></Shape>
            <String CONTENT="Tout autre ie veux deprimer,"
                    HPOS="98"
                    VPOS="133"
                    WIDTH="430"
                    HEIGHT="43"
                    WC="0.9951880574226379"></String>
          </TextLine>
          <TextLine ID="eSc_line_51c86fc0"
                    TAGREFS="LT8"
                    BASELINE="96 204 265 200 588 201" 
                    HPOS="96"
                    VPOS="169"
                    WIDTH="492"
                    HEIGHT="47">
            <Shape><Polygon POINTS="96 204 96 212 141 212 149 216 150 216 151 216 151 216 168 212 247 212 255 215 256 215 256 215 257 215 267 212 305 215 306 215 307 215 307 215 312 211 324 215 325 215 326 215 588 212 588 201 587 177 567 177 549 169 549 169 548 169 547 169 524 177 441 177 421 173 421 173 402 178 327 178 313 169 313 169 312 169 311 169 252 170 251 170 251 170 242 177 228 173 227 173 226 173 226 173 220 175 209 170 209 170 160 170 160 170 159 170 140 178 130 170 130 170 129 170 103 170 103 170 102 170 101 170 96 174 96 204"/></Shape>
            <String CONTENT="C’eſt Dieu ſeul que ie veux aimer:"
                    HPOS="96"
                    VPOS="169"
                    WIDTH="492"
                    HEIGHT="47"
                    WC="0.9834716284976286"></String>
          </TextLine>
          <TextLine ID="eSc_line_f8ffa301"
                    TAGREFS="LT8"
                    BASELINE="130 241 517 240" 
                    HPOS="130"
                    VPOS="209"
                    WIDTH="387"
                    HEIGHT="46">
            <Shape><Polygon POINTS="130 241 130 250 171 250 176 254 176 254 177 254 177 254 178 255 193 255 193 254 194 254 194 254 200 250 217 254 218 254 219 254 247 250 254 254 254 254 255 254 256 255 277 255 277 254 278 254 279 254 279 254 283 250 297 254 298 254 298 254 299 254 310 250 372 250 376 253 376 254 377 254 377 254 378 254 379 254 388 250 407 254 408 254 434 250 445 254 446 254 447 254 447 254 460 249 466 254 466 254 467 254 468 254 468 254 469 254 473 250 477 253 478 253 479 253 479 253 480 253 493 249 501 253 502 253 502 253 503 253 517 248 517 240 515 212 452 209 451 209 451 209 450 209 442 216 415 216 406 209 405 209 405 209 404 209 404 209 387 216 364 216 356 210 356 209 356 209 355 209 337 209 337 209 336 209 336 209 336 210 330 214 324 210 323 210 322 210 309 210 308 210 307 210 307 210 299 215 285 212 284 212 256 216 248 213 247 213 247 213 246 213 233 216 210 210 209 210 209 210 208 210 207 210 198 216 166 216 138 210 137 210 137 210 136 210 130 214 130 241"/></Shape>
            <String CONTENT="Ie quitte peché tant infect:"
                    HPOS="130"
                    VPOS="209"
                    WIDTH="387"
                    HEIGHT="46"
                    WC="0.9797186460988275"></String>
          </TextLine>
          <TextLine ID="eSc_line_440d0be3"
                    TAGREFS="LT8"
                    BASELINE="88 282 519 279" 
                    HPOS="88"
                    VPOS="247"
                    WIDTH="431"
                    HEIGHT="48">
            <Shape><Polygon POINTS="88 282 88 292 123 291 144 295 145 295 145 295 158 291 171 295 171 295 172 295 202 290 233 294 234 294 234 294 235 294 240 290 251 293 251 293 252 293 268 290 283 294 284 294 285 294 285 294 286 294 291 290 310 290 346 293 347 293 383 289 390 293 390 293 391 293 392 294 413 294 413 293 413 293 414 293 419 289 518 292 519 279 519 254 500 248 499 248 498 248 475 251 467 247 466 247 466 247 437 248 436 248 436 248 428 255 389 255 371 248 370 248 370 248 346 252 326 248 325 248 324 248 306 255 256 252 256 252 255 252 254 252 247 256 209 256 199 249 198 249 198 249 197 249 196 249 196 249 187 256 178 249 177 249 177 249 176 249 138 253 132 250 131 250 130 250 88 250 88 282"/></Shape>
            <String CONTENT="Plaid, &amp; proces, &amp; leur effect:"
                    HPOS="88"
                    VPOS="247"
                    WIDTH="431"
                    HEIGHT="48"
                    ></String>
          </TextLine>
          <TextLine ID="eSc_line_2a4c9af2"
                    TAGREFS="LT8"
                    BASELINE="101 320 579 320" 
                    HPOS="101"
                    VPOS="288"
                    WIDTH="478"
                    HEIGHT="49">
            <Shape><Polygon POINTS="101 320 101 326 124 336 124 336 125 337 183 337 183 336 183 336 184 336 187 333 199 336 200 336 200 336 201 336 202 336 209 331 245 333 246 333 247 333 271 327 290 331 291 331 374 327 393 332 394 332 394 332 395 332 396 332 403 327 419 327 439 336 440 336 441 337 477 337 477 336 477 336 478 336 491 327 524 329 532 334 533 334 534 334 534 334 578 327 579 320 578 297 558 297 552 292 551 292 551 292 550 292 518 297 502 288 501 288 488 288 487 288 487 288 459 297 438 289 438 289 413 288 413 288 412 288 388 295 371 292 370 292 370 292 358 297 349 291 348 291 347 291 347 291 346 291 345 291 337 297 326 297 309 288 308 288 286 288 286 288 285 288 261 297 247 291 246 291 245 291 245 291 228 297 177 297 160 288 160 288 159 288 158 288 139 297 128 288 127 288 126 288 101 288 101 320"/></Shape>
            <String CONTENT="Qui peuuent l’amour ſupprimer."
                    HPOS="101"
                    VPOS="288"
                    WIDTH="478"
                    HEIGHT="49"
                    WC="0.9897746940453848"></String>
          </TextLine>
          <TextLine ID="eSc_line_893f9665"
                    TAGREFS="LT8"
                    BASELINE="96 362 303 358 566 359" 
                    HPOS="96"
                    VPOS="329"
                    WIDTH="470"
                    HEIGHT="46">
            <Shape><Polygon POINTS="96 362 96 371 127 374 128 374 128 374 129 374 134 369 152 369 166 374 166 374 167 375 194 375 194 374 226 369 271 373 272 373 325 367 333 373 334 373 334 373 335 373 347 373 347 373 347 373 358 367 402 367 419 373 420 373 421 373 458 367 464 371 464 371 465 371 521 372 521 372 566 365 566 359 565 335 481 329 481 329 480 329 479 329 468 335 438 332 437 332 412 336 404 329 403 329 402 329 383 329 383 329 382 329 381 329 375 333 346 331 345 331 311 337 297 330 296 330 268 330 268 330 267 330 251 337 230 330 230 330 229 330 228 330 215 336 194 333 193 333 192 333 183 338 128 338 117 331 116 331 115 331 115 331 96 331 96 362"/></Shape>
            <String CONTENT="Ie ne veux plus que Dieu aimer."
                    HPOS="96"
                    VPOS="329"
                    WIDTH="470"
                    HEIGHT="46"
                    WC="0.9989356148627496"></String>
          </TextLine>
          <TextLine ID="eSc_line_5a784fee"
                    TAGREFS="LT8"
                    BASELINE="138 401 275 398 603 400" 
                    HPOS="137"
                    VPOS="366"
                    WIDTH="466"
                    HEIGHT="47">
            <Shape><Polygon POINTS="597 372 577 367 576 367 539 367 538 367 538 367 523 372 481 367 480 367 479 367 467 372 461 367 460 367 460 367 459 367 439 370 422 367 422 367 421 367 409 373 359 373 320 367 319 367 319 367 303 372 298 367 298 366 297 366 296 366 296 366 255 371 219 366 218 366 217 366 217 366 207 372 138 371 138 401 137 407 154 410 155 410 183 407 188 411 188 412 188 412 189 412 190 412 190 412 199 408 222 412 223 412 307 407 325 412 326 412 326 412 360 408 389 408 400 412 401 412 402 413 451 413 451 412 451 412 452 412 459 408 481 412 481 412 502 408 602 412 603 400 602 379 597 372"/></Shape>
            <String CONTENT="En Dieu hardiment me conſole,"
                    HPOS="137"
                    VPOS="366"
                    WIDTH="466"
                    HEIGHT="47"
                    WC="0.9834800115947065"></String>
          </TextLine>
          <TextLine ID="eSc_line_2551e94c"
                    TAGREFS="LT8"
                    BASELINE="96 440 334 436 535 437 556 440" 
                    HPOS="95"
                    VPOS="405"
                    WIDTH="461"
                    HEIGHT="48">
            <Shape><Polygon POINTS="96 440 96 450 115 453 116 453 117 453 117 453 122 448 158 448 168 452 168 452 169 452 225 449 268 452 268 452 269 452 283 446 293 452 294 452 294 452 295 452 309 447 323 452 324 452 324 452 356 452 356 452 373 451 374 451 375 451 382 446 416 449 417 449 443 445 526 450 526 450 555 446 556 440 555 408 496 405 495 405 473 410 403 410 398 406 398 405 397 405 396 405 356 405 356 405 355 405 345 410 294 406 293 406 292 406 281 410 268 406 268 406 267 406 239 410 230 407 229 407 228 407 199 411 165 407 164 407 164 407 163 407 155 412 130 412 114 407 113 407 113 407 95 411 96 440"/></Shape>
            <String CONTENT="Son honneur ie priſe &amp; extolle:"
                    HPOS="95"
                    VPOS="405"
                    WIDTH="461"
                    HEIGHT="48"
                    WC="0.9799551636941971"></String>
          </TextLine>
          <TextLine ID="eSc_line_1d2d2a99"
                    TAGREFS="LT8"
                    BASELINE="96 480 265 475 504 474" 
                    HPOS="96"
                    VPOS="444"
                    WIDTH="408"
                    HEIGHT="49">
            <Shape><Polygon POINTS="96 480 97 493 107 489 120 493 120 493 121 493 158 492 159 492 169 488 175 491 176 491 177 491 197 488 205 491 205 491 206 491 207 491 207 491 215 487 250 490 251 490 251 490 252 490 252 490 253 490 255 486 289 486 295 491 296 491 296 491 297 491 337 486 343 490 344 490 345 490 345 490 370 485 434 489 434 489 458 484 503 488 504 474 502 450 479 446 479 446 452 450 437 444 436 444 404 444 404 444 403 444 390 451 363 446 362 446 362 446 361 446 355 450 337 448 336 448 316 452 303 447 302 447 302 447 301 447 282 452 260 448 260 448 259 448 247 452 240 447 239 447 239 447 238 447 237 447 230 450 202 447 201 447 200 447 191 452 185 448 184 448 183 448 148 448 147 448 147 448 132 452 114 448 113 448 113 448 112 448 112 449 106 455 96 455 96 480"/></Shape>
            <String CONTENT="Autre nom ne veux eſtimer:"
                    HPOS="96"
                    VPOS="444"
                    WIDTH="408"
                    HEIGHT="49"
                    WC="0.9766798477906448"></String>
          </TextLine>
          <TextLine ID="eSc_line_53e5c748"
                    TAGREFS="LT8"
                    BASELINE="95 518 296 514 538 512" 
                    HPOS="94"
                    VPOS="484"
                    WIDTH="444"
                    HEIGHT="46">
            <Shape><Polygon POINTS="95 518 95 529 200 525 228 530 229 530 230 530 244 525 253 529 254 529 254 530 283 530 283 529 283 529 284 529 290 525 301 529 302 529 302 529 322 525 343 529 343 529 344 529 345 529 351 524 367 527 368 527 368 527 369 527 369 526 373 523 407 528 408 528 409 528 428 522 443 527 443 527 444 527 445 527 461 523 472 527 473 527 473 527 512 522 538 526 538 512 536 486 478 488 459 484 458 484 458 484 447 489 396 489 375 485 375 485 322 490 310 486 309 486 309 486 308 486 300 490 274 486 273 486 273 486 264 490 185 488 184 488 183 488 183 488 183 489 179 491 107 488 106 488 105 488 94 492 95 518"/></Shape>
            <String CONTENT="Ie ne veux plus que luy aimer."
                    HPOS="94"
                    VPOS="484"
                    WIDTH="444"
                    HEIGHT="46"
                    ></String>
          </TextLine>
          <TextLine ID="eSc_line_0ada26a7"
                    TAGREFS="LT8"
                    BASELINE="137 555 285 552 619 554" 
                    HPOS="136"
                    VPOS="522"
                    WIDTH="483"
                    HEIGHT="45">
            <Shape><Polygon POINTS="137 555 136 562 148 567 149 567 149 567 168 563 178 567 179 567 179 567 199 564 204 567 205 567 205 567 206 567 207 567 221 564 272 567 273 567 306 563 317 567 318 567 319 567 319 567 329 564 357 567 358 567 358 567 371 563 413 567 413 567 484 563 494 567 495 567 496 567 547 563 618 567 619 554 619 529 589 529 570 522 569 522 543 522 543 522 542 522 541 522 534 527 524 522 524 522 498 522 498 522 497 522 484 529 423 529 397 522 396 522 396 522 395 522 370 529 356 522 356 522 355 522 334 526 288 522 287 522 286 522 286 522 276 528 226 525 225 525 224 525 224 525 218 529 180 529 164 522 163 522 162 522 162 522 137 529 137 555"/></Shape>
            <String CONTENT="L’amour de Dieu ſans ceſſe dure,"
                    HPOS="136"
                    VPOS="522"
                    WIDTH="483"
                    HEIGHT="45"
                    WC="0.9872359316796064"></String>
          </TextLine>
          <TextLine ID="eSc_line_e39d1a66"
                    TAGREFS="LT8"
                    BASELINE="97 596 349 592 564 595" 
                    HPOS="96"
                    VPOS="561"
                    WIDTH="468"
                    HEIGHT="48">
            <Shape><Polygon POINTS="97 596 97 603 163 603 181 609 182 609 183 609 219 608 220 608 220 608 227 604 280 608 281 608 281 608 294 602 328 607 329 607 330 607 330 607 339 602 373 602 398 608 399 608 400 608 400 608 415 602 440 606 441 606 455 604 480 608 481 608 481 608 496 603 507 606 508 606 509 607 564 607 564 595 564 569 474 561 473 561 473 561 458 569 445 561 445 561 444 561 443 561 443 561 442 561 429 569 411 561 410 561 377 561 377 561 376 561 358 570 349 570 338 561 337 561 337 561 323 561 322 561 322 561 321 561 313 568 296 565 296 565 295 565 286 569 273 569 266 562 265 562 264 562 241 562 241 562 240 562 239 562 226 570 160 567 159 567 139 570 126 563 126 563 108 562 107 562 107 562 96 567 97 596"/></Shape>
            <String CONTENT="Sa voye eſt pardurable &amp; ſeure,"
                    HPOS="96"
                    VPOS="561"
                    WIDTH="468"
                    HEIGHT="48"
                    WC="0.9982128104855937"></String>
          </TextLine>
          <TextLine ID="eSc_line_9edb1e1f"
                    TAGREFS="LT8"
                    BASELINE="98 633 462 631" 
                    HPOS="98"
                    VPOS="601"
                    WIDTH="364"
                    HEIGHT="45">
            <Shape><Polygon POINTS="98 633 98 645 236 646 236 646 237 646 237 646 241 642 259 646 260 646 260 646 274 642 291 646 292 646 292 646 304 642 339 646 340 646 360 642 364 645 365 645 366 645 366 645 367 645 368 645 368 644 371 642 452 645 453 645 453 645 462 641 462 631 460 603 437 607 421 603 421 603 420 603 419 603 403 607 398 603 398 602 397 602 396 602 396 602 373 606 368 601 368 601 367 601 366 601 340 601 339 601 339 601 338 601 329 609 321 609 313 602 313 601 313 601 312 601 300 601 299 601 298 601 284 609 263 609 251 603 251 603 250 603 249 603 237 608 218 605 217 605 217 605 205 610 158 610 151 603 151 602 150 602 149 602 149 602 119 608 111 602 111 602 110 602 109 602 109 602 108 602 98 608 98 633"/></Shape>
            <String CONTENT="Ie le veux ainſi affermer:"
                    HPOS="98"
                    VPOS="601"
                    WIDTH="364"
                    HEIGHT="45"
                    WC="0.9622867886836712"></String>
          </TextLine>
          <TextLine ID="eSc_line_3afa038c"
                    TAGREFS="LT8"
                    BASELINE="103 674 269 670 569 669" 
                    HPOS="102"
                    VPOS="640"
                    WIDTH="467"
                    HEIGHT="45">
            <Shape><Polygon POINTS="103 674 103 682 176 682 186 685 187 685 188 685 206 682 226 684 227 684 256 681 390 684 391 684 458 683 458 683 472 679 499 682 500 682 569 680 569 669 568 646 539 644 532 640 531 640 530 640 530 640 506 644 478 640 477 640 477 640 457 647 415 647 400 641 399 641 398 641 398 641 397 641 390 647 358 641 357 641 356 641 340 647 314 642 313 642 232 642 232 642 231 642 222 649 191 649 177 643 176 643 175 643 149 650 135 650 128 643 127 643 126 643 126 643 102 646 103 674"/></Shape>
            <String CONTENT="Ie ne veux donc que Dieu aimer."
                    HPOS="102"
                    VPOS="640"
                    WIDTH="467"
                    HEIGHT="45"
                    WC="0.9979796448061543"></String>
          </TextLine>
          <TextLine ID="eSc_line_2fd0ec17"
                    TAGREFS="LT8"
                    BASELINE="133 710 564 708" 
                    HPOS="132"
                    VPOS="679"
                    WIDTH="432"
                    HEIGHT="45">
            <Shape><Polygon POINTS="133 710 133 718 149 723 149 723 150 724 192 724 192 723 193 723 194 723 200 719 208 723 209 723 209 723 256 723 257 723 276 718 308 723 309 723 309 723 321 718 346 722 347 722 347 722 348 722 354 718 454 722 455 722 455 722 456 722 456 721 460 718 475 722 475 722 476 722 477 722 477 722 485 718 507 722 507 722 508 722 520 718 563 721 564 708 562 685 502 685 490 679 490 679 462 679 462 679 461 679 441 684 385 681 385 681 384 681 374 686 337 686 314 680 313 680 313 680 312 680 306 685 297 680 296 680 281 680 280 680 279 680 279 680 273 684 246 680 245 680 245 680 232 686 161 680 160 680 132 686 133 710"/></Shape>
            <String CONTENT="Car mondaine concupiſcence"
                    HPOS="132"
                    VPOS="679"
                    WIDTH="432"
                    HEIGHT="45"
                    WC="0.9767675743653224"></String>
          </TextLine>
          <TextLine ID="eSc_line_be3159ca"
                    TAGREFS="LT8"
                    BASELINE="101 751 243 748 528 751" 
                    HPOS="101"
                    VPOS="718"
                    WIDTH="427"
                    HEIGHT="45">
            <Shape><Polygon POINTS="101 751 101 763 118 763 118 762 118 762 119 762 126 757 131 761 132 761 132 761 133 761 134 761 144 757 158 762 158 762 159 762 160 762 169 757 222 761 222 761 223 761 234 758 237 762 238 762 239 762 239 762 281 757 293 757 300 763 301 763 302 763 302 763 312 763 312 763 313 763 313 763 313 762 319 757 337 757 347 762 347 762 348 762 349 762 362 757 388 758 392 763 393 763 394 763 394 763 395 763 396 763 404 757 424 757 436 763 436 763 437 763 528 763 528 751 528 724 514 720 513 720 513 720 486 723 473 719 472 719 472 719 471 719 458 723 455 719 455 719 454 719 453 719 453 719 425 722 370 719 370 719 369 719 361 723 356 720 356 720 355 720 354 720 322 723 313 720 312 720 311 720 294 723 287 718 286 718 286 718 285 718 263 723 239 723 236 719 235 719 234 719 234 719 217 723 126 723 116 718 115 718 115 718 114 718 101 722 101 751"/></Shape>
            <String CONTENT="Pourra tomber en decadence,"
                    HPOS="101"
                    VPOS="718"
                    WIDTH="427"
                    HEIGHT="45"
                    WC="0.981793260132825"></String>
          </TextLine>
          <TextLine ID="eSc_line_4e29b5ea"
                    TAGREFS="LT8"
                    BASELINE="102 791 465 788" 
                    HPOS="101"
                    VPOS="755"
                    WIDTH="364"
                    HEIGHT="49">
            <Shape><Polygon POINTS="102 791 102 801 120 799 151 804 152 804 152 804 171 799 175 802 175 803 176 803 177 803 189 804 190 804 190 804 191 804 200 798 232 798 259 802 260 802 284 798 296 802 297 802 298 803 328 803 328 802 329 802 347 797 364 802 364 802 365 802 366 802 379 797 389 801 390 801 390 801 420 797 426 800 426 800 427 800 428 800 428 800 441 797 446 801 446 802 447 802 447 802 448 802 464 802 465 788 464 763 395 762 386 755 385 755 385 755 373 755 373 755 372 755 345 763 317 763 288 755 288 755 287 755 286 755 286 755 279 761 268 762 260 757 259 757 258 757 258 757 240 763 203 762 194 756 193 756 192 756 192 756 191 756 167 764 150 757 149 757 149 757 148 757 137 761 134 757 134 757 134 757 133 757 113 757 113 757 112 757 111 757 101 763 102 791"/></Shape>
            <String CONTENT="Il le faut ainſi preſumer,"
                    HPOS="101"
                    VPOS="755"
                    WIDTH="364"
                    HEIGHT="49"
                    WC="0.9823610920172471"></String>
          </TextLine>
          <TextLine ID="eSc_line_9b97efe2"
                    TAGREFS="LT8"
                    BASELINE="105 829 587 830" 
                    HPOS="104"
                    VPOS="797"
                    WIDTH="483"
                    HEIGHT="47">
            <Shape><Polygon POINTS="583 804 555 804 549 800 549 800 548 800 547 800 530 802 519 797 519 797 470 797 470 797 469 797 468 797 460 804 447 797 447 797 429 797 428 797 428 797 427 797 417 804 381 797 381 797 337 803 317 800 317 800 316 800 307 803 300 798 299 798 298 798 298 798 268 803 255 797 254 797 233 797 232 797 232 797 231 797 222 802 188 799 187 799 186 799 186 799 179 804 129 804 117 797 117 797 116 797 115 797 105 802 105 829 104 836 114 842 115 842 115 842 116 842 117 842 132 838 138 843 139 843 139 843 140 843 141 843 151 838 160 843 161 843 162 844 234 844 234 843 235 843 236 843 246 837 294 837 309 843 309 843 310 844 339 844 339 843 339 843 340 843 347 838 366 841 366 841 411 838 424 842 425 842 426 842 426 842 439 838 458 844 459 844 460 844 492 838 532 838 548 844 549 844 549 844 550 844 557 840 586 842 587 830 587 807 583 804"/></Shape>
            <String CONTENT="Parquoy ie veux Dieu ſeul aimer."
                    HPOS="104"
                    VPOS="797"
                    WIDTH="483"
                    HEIGHT="47"
                    WC="0.9796281885355711"></String>
          </TextLine>
          <TextLine ID="eSc_line_af38a340"
                    TAGREFS="LT8"
                    BASELINE="141 868 556 868" 
                    HPOS="141"
                    VPOS="836"
                    WIDTH="415"
                    HEIGHT="46">
            <Shape><Polygon POINTS="141 868 141 875 149 878 150 878 151 878 198 875 218 881 219 881 219 882 242 882 242 881 243 881 259 876 264 880 264 881 265 881 266 881 266 882 288 882 288 881 322 875 390 881 390 881 391 881 404 876 421 876 428 880 428 880 429 880 430 880 430 880 443 876 473 880 473 880 474 880 475 880 479 876 492 880 492 880 493 880 529 875 536 880 536 881 536 881 537 881 538 882 556 882 556 868 556 844 538 836 538 836 537 836 467 844 453 838 453 838 452 838 451 838 451 838 451 839 445 844 424 844 417 837 417 836 416 836 415 836 381 836 380 836 379 836 366 844 356 836 356 836 355 836 342 836 341 836 341 836 340 836 340 837 332 844 284 838 283 838 283 838 282 838 275 844 264 844 256 837 256 836 256 836 255 836 254 836 236 837 235 837 222 844 208 844 201 838 200 838 200 838 199 838 198 838 188 844 180 838 179 838 179 838 178 838 177 838 177 838 170 843 141 838 141 868"/></Shape>
            <String CONTENT="D’employer ainſi ſa ieuneſſe,"
                    HPOS="141"
                    VPOS="836"
                    WIDTH="415"
                    HEIGHT="46"
                    WC="0.9841735116366682"></String>
          </TextLine>
          <TextLine ID="eSc_line_6f3a9269"
                    TAGREFS="LT8"
                    BASELINE="104 908 556 906" 
                    HPOS="103"
                    VPOS="873"
                    WIDTH="453"
                    HEIGHT="48">
            <Shape><Polygon POINTS="104 908 104 917 181 916 222 921 222 921 223 921 232 916 247 921 248 921 249 921 249 921 264 917 302 920 303 920 303 920 304 920 312 915 333 915 345 920 346 920 347 920 371 915 400 919 401 919 422 915 429 919 430 919 430 919 431 919 470 916 474 919 475 919 475 919 476 919 500 915 511 919 512 919 513 919 556 919 556 906 555 881 520 873 519 873 519 873 504 880 496 875 495 875 494 875 494 875 475 876 471 873 470 873 470 873 455 873 455 873 454 873 440 880 402 876 402 876 401 876 385 882 364 882 352 874 351 874 351 874 312 874 311 874 311 874 291 882 253 882 221 882 213 874 212 874 211 874 211 874 198 875 198 875 197 875 190 881 181 874 181 874 180 874 142 874 141 874 141 874 140 874 130 882 103 882 104 908"/></Shape>
            <String CONTENT="A folaſtrer qui l’homme bleſſe,"
                    HPOS="103"
                    VPOS="873"
                    WIDTH="453"
                    HEIGHT="48"
                    WC="0.967417751589129"></String>
          </TextLine>
          <TextLine ID="eSc_line_38abbbbb"
                    TAGREFS="LT8"
                    BASELINE="107 946 577 944" 
                    HPOS="106"
                    VPOS="914"
                    WIDTH="471"
                    HEIGHT="45">
            <Shape><Polygon POINTS="107 946 107 955 164 959 164 959 165 959 177 955 197 959 198 959 263 955 284 959 285 959 304 959 304 959 305 959 305 959 311 955 319 958 320 958 320 958 321 958 334 955 436 957 437 957 438 957 447 954 459 958 460 958 460 958 577 955 577 944 577 921 568 917 568 917 567 917 517 921 504 914 504 914 503 914 462 921 447 917 447 917 446 917 445 917 429 921 411 915 411 915 410 915 370 915 369 915 368 915 361 922 336 922 326 915 325 915 324 915 324 915 323 915 300 921 262 922 249 917 248 917 247 917 247 917 232 923 203 923 183 915 183 915 113 915 113 915 112 915 106 918 107 946"/></Shape>
            <String CONTENT="C’eſt vn cas qu’on doit reprimer:"
                    HPOS="106"
                    VPOS="914"
                    WIDTH="471"
                    HEIGHT="45"
                    WC="0.9764716372345433"></String>
          </TextLine>
          <TextLine ID="eSc_line_2c8364a1"
                    TAGREFS="LT8"
                    BASELINE="107 985 566 983" 
                    HPOS="106"
                    VPOS="953"
                    WIDTH="460"
                    HEIGHT="45">
            <Shape><Polygon POINTS="107 985 107 995 130 998 131 998 132 998 132 998 138 995 224 998 224 998 225 998 241 995 279 998 280 998 281 998 293 994 304 997 305 997 305 997 357 995 370 998 370 998 371 998 371 998 372 998 376 995 412 998 413 998 413 998 422 993 494 997 494 997 523 993 531 997 532 997 532 998 566 998 566 983 564 961 537 955 536 955 536 955 535 955 527 961 456 961 448 957 447 957 447 957 446 957 439 961 424 953 423 953 422 953 392 958 375 953 374 953 373 953 373 953 372 953 362 961 347 953 346 953 328 953 328 953 327 953 326 953 316 962 265 962 254 954 253 954 253 954 218 954 217 954 217 954 216 954 205 963 160 963 145 954 144 954 143 954 106 957 107 985"/></Shape>
            <String CONTENT="Il nous faut vn ſeul Dieu aimer."
                    HPOS="106"
                    VPOS="953"
                    WIDTH="460"
                    HEIGHT="45"
                    WC="0.9599909912794828"></String>
          </TextLine>
          <TextLine ID="eSc_line_74c14aad"
                    TAGREFS="LT8"
                    BASELINE="145 1023 535 1022" 
                    HPOS="145"
                    VPOS="992"
                    WIDTH="390"
                    HEIGHT="45">
            <Shape><Polygon POINTS="145 1023 145 1032 173 1032 184 1036 185 1036 185 1036 239 1032 246 1036 247 1036 247 1036 248 1037 319 1037 319 1036 319 1036 329 1032 338 1036 339 1036 339 1036 340 1036 354 1032 368 1036 369 1036 370 1036 370 1036 371 1036 375 1032 452 1036 453 1036 453 1036 462 1031 523 1036 524 1036 524 1036 535 1031 535 1022 534 999 501 999 487 992 486 992 430 992 429 992 428 992 428 992 428 993 422 998 414 993 413 993 413 993 412 993 411 993 411 994 406 998 390 993 389 993 388 993 388 993 387 993 377 998 341 996 341 996 340 996 339 996 339 996 339 996 337 1000 320 1000 312 993 311 993 311 993 310 993 261 1000 230 1000 214 993 213 993 213 993 145 994 145 1023"/></Shape>
            <String CONTENT="Fuyez amis amour laſciue,"
                    HPOS="145"
                    VPOS="992"
                    WIDTH="390"
                    HEIGHT="45"
                    WC="0.9873512411117553"></String>
          </TextLine>
          <TextLine ID="eSc_line_6baaf3d0"
                    TAGREFS="LT8"
                    BASELINE="110 1060 194 1062 542 1062" 
                    HPOS="108"
                    VPOS="1028"
                    WIDTH="433"
                    HEIGHT="60">
            <Shape><Polygon POINTS="109 1059 108 1078 130 1078 154 1087 168 1080 176 1087 180 1087 213 1078 282 1078 291 1085 306 1080 315 1086 358 1078 366 1084 396 1081 409 1087 455 1078 474 1088 540 1088 541 1061 540 1034 503 1034 495 1028 445 1033 420 1028 363 1033 342 1028 319 1034 221 1034 206 1028 183 1033 173 1028 146 1032 109 1028 109 1059"/></Shape>
            <String CONTENT="Qui eſt mauuaiſe &amp; exceſſiue:"
                    HPOS="108"
                    VPOS="1028"
                    WIDTH="433"
                    HEIGHT="60"
                    WC="0.987677563881052"></String>
          </TextLine>
        </TextBlock>
      </PrintSpace>
    </Page>
  </Layout>
</alto>
