806 1187
682 41 44 69 73

259 44 339 54 SPIRITVELLES.

104 93 487 58 Qui peut corps & ame opprimer:

104 137 396 49 Ie ne veux plus ainſi aimer.

144 174 387 48 Venez à Dieu, ne ſoyez las,

103 211 389 54 En luy eſt plaiſir & ſoulas:

108 253 429 51 Et n’y a vn ſeul gouſt d’amer,

108 294 372 50 Apprenez à le ſeul aimer.

149 331 450 50 Son ioug eſt doux & fort leger,

112 373 489 53 Que pouuons porter ſans danger,

112 412 400 45 Il le nous faut accouſtumer:

110 450 423 51 Et apprendre à le ſeul aimer.

151 487 446 53 Volupté ſemble eſtre amiable,

110 526 425 54 Mais ſon plaiſir eſt variable,

115 567 465 52 Qui peut chacun faire abyſmer,

112 607 426 47 Ie ne veux telle choſe aimer.

154 643 494 52 Amour laſcif qu’on nomme Dieu,

114 682 457 53 Eſt maling & caut en tout lieu,

116 725 452 51 Ie le peux bien ainſi nommer.

115 764 462 51 Ie ne veux plus que Dieu aimer.

148 801 468 51 Ceux qui viuent charnellement,

123 840 454 52 Ne peuuent plaire aucunement

122 881 449 48 A Dieu ſans leur fait reformer,

123 919 470 52 Il me faut donc Dieu ſeul aimer.

169 959 506 52 Tout le bien que le monde ottroye,

126 998 404 52 Eſt vn poiſon meſlé de ioye:

134 1041 497 58 Qui peut tout onmme enuenimer,
