<?xml version="1.0" encoding="UTF-8"?>
<alto xmlns:xsi="http://www.w3.org/2001/XMLSchema-instance"
      xmlns="http://www.loc.gov/standards/alto/ns-v4#"
      xsi:schemaLocation="http://www.loc.gov/standards/alto/ns-v4# http://www.loc.gov/standards/alto/v4/alto-4-2.xsd">
  <Description>
    <MeasurementUnit>pixel</MeasurementUnit>
    <sourceImageInformation>
      <fileName>75_bd5db_default.jpg</fileName>
      <fileIdentifier>https://iiif.onb.ac.at/images/ABO/Z167383706/00000076/full/full/0/default.jpg</fileIdentifier>
    </sourceImageInformation>
  </Description>
  <Tags>
    <OtherTag ID="BT7" LABEL="CustomZone" DESCRIPTION="block type CustomZone"/><OtherTag ID="BT8" LABEL="DamageZone" DESCRIPTION="block type DamageZone"/><OtherTag ID="BT9" LABEL="DigitizationArtefactZone" DESCRIPTION="block type DigitizationArtefactZone"/><OtherTag ID="BT10" LABEL="DropCapitalZone" DESCRIPTION="block type DropCapitalZone"/><OtherTag ID="BT11" LABEL="GraphicZone" DESCRIPTION="block type GraphicZone"/><OtherTag ID="BT12" LABEL="MainZone" DESCRIPTION="block type MainZone"/><OtherTag ID="BT13" LABEL="MarginTextZone" DESCRIPTION="block type MarginTextZone"/><OtherTag ID="BT14" LABEL="MusicZone" DESCRIPTION="block type MusicZone"/><OtherTag ID="BT15" LABEL="NumberingZone" DESCRIPTION="block type NumberingZone"/><OtherTag ID="BT17" LABEL="QuireMarksZone" DESCRIPTION="block type QuireMarksZone"/><OtherTag ID="BT18" LABEL="RunningTitleZone" DESCRIPTION="block type RunningTitleZone"/><OtherTag ID="BT19" LABEL="SealZone" DESCRIPTION="block type SealZone"/><OtherTag ID="BT20" LABEL="StampZone" DESCRIPTION="block type StampZone"/><OtherTag ID="BT21" LABEL="TableZone" DESCRIPTION="block type TableZone"/><OtherTag ID="BT22" LABEL="TitlePageZone" DESCRIPTION="block type TitlePageZone"/>
    <OtherTag ID="LT7" LABEL="CustomLine" DESCRIPTION="line type CustomLine"/><OtherTag ID="LT8" LABEL="DefaultLine" DESCRIPTION="line type DefaultLine"/><OtherTag ID="LT9" LABEL="DropCapitalLine" DESCRIPTION="line type DropCapitalLine"/><OtherTag ID="LT10" LABEL="HeadingLine" DESCRIPTION="line type HeadingLine"/><OtherTag ID="LT11" LABEL="InterlinearLine" DESCRIPTION="line type InterlinearLine"/><OtherTag ID="LT12" LABEL="MusicLine" DESCRIPTION="line type MusicLine"/><OtherTag ID="LT1205" LABEL="default" DESCRIPTION="line type default"/>
  </Tags>
  <Layout>
    <Page WIDTH="803"
          HEIGHT="1189"
          PHYSICAL_IMG_NR="75"
          ID="eSc_dummypage_">
      <PrintSpace HPOS="0"
                  VPOS="0"
                  WIDTH="803"
                  HEIGHT="1189">
        <TextBlock HPOS="81"
                   VPOS="53"
                   WIDTH="69"
                   HEIGHT="59"
                   ID="eSc_textblock_be2c1a94"
                   TAGREFS="BT15">
          <Shape><Polygon POINTS="81 53 88 112 150 101 146 57"/></Shape>
          <TextLine ID="eSc_line_c3e16bd1"
                    TAGREFS="LT8"
                    BASELINE="90 92 136 87" 
                    HPOS="84"
                    VPOS="53"
                    WIDTH="52"
                    HEIGHT="49">
            <Shape><Polygon POINTS="124 55 114 55 105 54 96 53 84 53 89 91 90 102 136 99 135 86 130 55 124 55"/></Shape>
            <String CONTENT="74"
                    HPOS="84"
                    VPOS="53"
                    WIDTH="52"
                    HEIGHT="49"
                    ></String>
          </TextLine>
        </TextBlock>
        <TextBlock HPOS="238"
                   VPOS="48"
                   WIDTH="275"
                   HEIGHT="49"
                   ID="eSc_textblock_12f154aa"
                   TAGREFS="BT18">
          <Shape><Polygon POINTS="238 48 238 97 513 97 513 48"/></Shape>
          <TextLine ID="eSc_line_88ad8cfb"
                    TAGREFS="LT10"
                    BASELINE="253 83 494 83" 
                    HPOS="253"
                    VPOS="52"
                    WIDTH="241"
                    HEIGHT="41">
            <Shape><Polygon POINTS="484 52 477 52 471 52 464 52 458 52 451 52 446 52 422 53 416 52 411 52 405 52 399 52 393 54 390 52 385 52 381 52 376 54 372 52 365 52 358 52 348 55 318 55 315 52 312 52 305 52 299 52 292 52 286 52 285 52 282 55 253 55 253 83 253 89 263 93 264 93 265 93 283 90 342 93 343 93 364 90 385 93 386 93 405 90 424 93 425 93 494 91 494 83 494 54 488 52 484 52"/></Shape>
            <String CONTENT="CHANSONS"
                    HPOS="253"
                    VPOS="52"
                    WIDTH="241"
                    HEIGHT="41"
                    WC="0.9979407638311386"></String>
          </TextLine>
        </TextBlock>
        <TextBlock HPOS="76"
                   VPOS="98"
                   WIDTH="573"
                   HEIGHT="984"
                   ID="eSc_textblock_12b3d8c7"
                   TAGREFS="BT12">
          <Shape><Polygon POINTS="76 99 76 1082 649 1082 623 98"/></Shape>
          <TextLine ID="eSc_line_dea20d54"
                    TAGREFS="LT8"
                    BASELINE="89 134 222 128 567 128" 
                    HPOS="88"
                    VPOS="94"
                    WIDTH="479"
                    HEIGHT="48">
            <Shape><Polygon POINTS="564 103 561 102 493 94 492 94 467 98 457 94 456 94 456 94 434 98 420 94 419 94 419 94 391 96 391 96 390 96 379 103 362 103 349 94 348 94 348 94 347 94 322 99 315 95 315 95 314 95 313 95 299 103 271 95 270 95 216 95 215 95 214 95 214 95 200 104 171 101 170 101 169 101 161 105 109 105 88 97 89 134 89 142 162 137 209 137 220 141 221 141 222 141 222 141 231 136 245 141 246 141 247 142 297 142 297 141 298 141 298 141 304 136 331 140 332 140 360 136 374 140 375 140 376 140 376 140 377 140 384 136 397 140 397 140 398 141 434 141 434 140 434 140 435 140 442 136 452 140 453 140 454 140 567 140 567 128 566 103 564 103"/></Shape>
            <String CONTENT="Ie ne veux donc le monde aimer."
                    HPOS="88"
                    VPOS="94"
                    WIDTH="479"
                    HEIGHT="48"
                    WC="0.952412191898592"></String>
          </TextLine>
          <TextLine ID="eSc_line_1067ed26"
                    TAGREFS="LT8"
                    BASELINE="127 169 570 169" 
                    HPOS="127"
                    VPOS="136"
                    WIDTH="443"
                    HEIGHT="46">
            <Shape><Polygon POINTS="127 181 195 177 216 181 216 181 238 177 254 177 259 180 259 181 260 181 261 181 261 181 295 177 311 181 312 181 313 181 333 177 357 181 358 182 395 182 395 181 396 181 397 181 403 177 472 177 490 181 491 181 491 181 492 181 493 181 498 177 522 181 522 181 570 179 570 169 569 136 545 140 520 136 519 136 518 136 503 144 479 136 479 136 454 136 453 136 452 136 440 141 432 136 432 136 431 136 406 136 405 136 405 136 395 141 389 136 389 136 389 136 388 136 360 136 360 136 359 136 358 136 345 144 225 144 210 136 210 136 195 136 194 136 157 144 149 138 148 138 148 138 147 138 146 138 140 140 128 136 127 169 127 181"/></Shape>
            <String CONTENT="La chair qui à mal nous attire,"
                    HPOS="127"
                    VPOS="136"
                    WIDTH="443"
                    HEIGHT="46"
                    WC="0.992829816415906"></String>
          </TextLine>
          <TextLine ID="eSc_line_bcf480e5"
                    TAGREFS="LT8"
                    BASELINE="86 208 505 206" 
                    HPOS="85"
                    VPOS="173"
                    WIDTH="420"
                    HEIGHT="47">
            <Shape><Polygon POINTS="86 208 86 216 95 220 95 220 96 220 140 216 166 220 167 220 206 217 211 220 212 220 212 220 213 220 214 220 226 215 236 219 237 219 237 219 259 215 269 219 270 219 270 219 298 215 304 219 305 219 305 219 306 219 307 219 317 215 331 219 332 219 333 219 333 219 342 215 352 219 353 219 354 219 370 216 394 219 395 219 395 219 396 219 402 214 455 214 461 219 462 219 463 219 463 219 504 214 505 206 504 180 448 173 404 173 403 173 403 173 389 180 364 180 356 174 355 174 354 174 327 174 327 174 326 174 307 179 283 174 282 174 282 174 281 174 271 181 265 181 257 175 257 174 257 174 256 174 255 174 224 175 224 175 223 175 212 181 85 177 86 208"/></Shape>
            <String CONTENT="Rien que chair elle ne deſire:"
                    HPOS="85"
                    VPOS="173"
                    WIDTH="420"
                    HEIGHT="47"
                    WC="0.9847854415575663"></String>
          </TextLine>
          <TextLine ID="eSc_line_e4675b8a"
                    TAGREFS="LT8"
                    BASELINE="85 248 291 245 610 247" 
                    HPOS="85"
                    VPOS="212"
                    WIDTH="525"
                    HEIGHT="48">
            <Shape><Polygon POINTS="85 248 85 260 247 260 247 259 272 255 333 255 344 260 344 260 345 260 372 255 394 258 395 258 423 255 446 260 446 260 447 260 456 255 464 260 465 260 465 260 511 260 511 260 512 260 512 260 519 255 608 258 610 247 609 221 587 221 579 215 578 215 578 215 577 215 576 215 566 220 545 212 544 212 499 212 498 212 498 212 497 212 488 217 468 217 461 212 461 212 460 212 430 212 429 212 428 212 420 216 409 212 409 212 408 212 370 217 327 212 326 212 325 212 301 219 259 221 240 221 222 212 222 212 206 212 205 212 204 212 186 220 118 220 91 214 90 214 89 214 85 216 85 248"/></Shape>
            <String CONTENT="Et peut l’homme en dueil enfermer,"
                    HPOS="85"
                    VPOS="212"
                    WIDTH="525"
                    HEIGHT="48"
                    WC="0.9755436006714316"></String>
          </TextLine>
          <TextLine ID="eSc_line_16c02b46"
                    TAGREFS="LT8"
                    BASELINE="85 288 493 286" 
                    HPOS="84"
                    VPOS="252"
                    WIDTH="409"
                    HEIGHT="47">
            <Shape><Polygon POINTS="85 288 85 295 110 299 111 299 138 294 220 294 231 299 231 299 232 299 278 299 278 299 279 299 290 294 294 298 295 298 296 298 296 298 317 293 335 299 336 299 337 299 337 299 338 299 346 293 399 298 399 298 400 298 401 298 401 297 405 293 419 293 426 298 426 298 427 298 428 299 485 299 485 298 486 298 487 298 493 293 493 286 491 260 442 260 427 252 426 252 426 252 410 253 409 253 409 253 401 258 392 252 391 252 391 252 390 252 389 252 382 256 369 254 368 254 368 254 352 260 340 253 339 253 339 253 288 256 263 253 262 253 261 253 239 260 196 256 196 256 195 256 194 256 189 259 157 257 157 257 128 261 102 254 101 254 101 254 100 254 84 258 85 288"/></Shape>
            <String CONTENT="Ie ne veux telle choſe aimer."
                    HPOS="84"
                    VPOS="252"
                    WIDTH="409"
                    HEIGHT="47"
                    WC="0.9813929487918985"></String>
          </TextLine>
          <TextLine ID="eSc_line_b59eb2bc"
                    TAGREFS="LT8"
                    BASELINE="126 326 563 324" 
                    HPOS="125"
                    VPOS="293"
                    WIDTH="438"
                    HEIGHT="47">
            <Shape><Polygon POINTS="126 326 126 334 139 339 140 339 140 340 180 340 180 339 181 339 192 334 203 339 204 339 204 339 205 339 218 334 274 334 284 338 285 338 286 338 324 334 335 339 335 339 336 339 337 339 357 333 395 333 404 337 405 337 405 337 406 337 418 333 443 338 444 339 462 339 462 338 463 338 463 338 468 334 474 338 475 338 475 338 476 338 477 338 477 338 487 333 502 333 513 338 514 338 514 338 537 334 563 337 563 324 562 300 523 300 497 293 496 293 495 293 495 293 477 300 436 300 419 293 419 293 418 293 393 294 393 294 392 294 385 299 344 293 343 293 343 293 322 299 314 293 313 293 313 293 284 293 283 293 282 293 282 293 274 299 269 296 268 296 268 296 267 296 267 296 253 300 219 293 218 293 218 293 202 299 181 293 181 293 180 293 179 293 179 293 167 300 146 293 145 293 144 293 144 293 125 301 126 326"/></Shape>
            <String CONTENT="Qui donc ſelon la chair viura,"
                    HPOS="125"
                    VPOS="293"
                    WIDTH="438"
                    HEIGHT="47"
                    WC="0.9857408424218496"></String>
          </TextLine>
          <TextLine ID="eSc_line_103df373"
                    TAGREFS="LT8"
                    BASELINE="85 365 446 366" 
                    HPOS="84"
                    VPOS="331"
                    WIDTH="362"
                    HEIGHT="45">
            <Shape><Polygon POINTS="85 365 84 373 125 375 126 375 126 375 136 371 174 375 175 375 199 371 204 375 204 375 205 375 206 375 206 375 217 371 229 375 229 375 230 375 265 371 303 376 304 376 323 372 333 376 333 376 334 376 335 376 335 376 342 372 382 376 382 376 414 373 444 376 446 366 445 342 419 342 393 332 393 332 378 332 377 332 376 332 376 332 376 332 371 337 366 332 366 332 365 332 364 332 364 332 363 332 362 332 349 341 333 341 327 336 327 335 326 335 325 335 325 335 324 335 323 335 321 338 313 332 313 332 312 332 311 332 311 332 284 341 267 332 267 332 266 332 265 332 246 338 237 331 236 331 235 331 214 331 213 331 212 331 212 331 205 337 168 340 140 336 139 336 138 336 128 340 114 331 114 331 113 331 113 331 85 332 85 365"/></Shape>
            <String CONTENT="En torment eternel ſera,"
                    HPOS="84"
                    VPOS="331"
                    WIDTH="362"
                    HEIGHT="45"
                    WC="0.9978301376104355"></String>
          </TextLine>
          <TextLine ID="eSc_line_700ccf3c"
                    TAGREFS="LT8"
                    BASELINE="84 405 468 405" 
                    HPOS="84"
                    VPOS="371"
                    WIDTH="384"
                    HEIGHT="45">
            <Shape><Polygon POINTS="84 405 84 412 168 412 172 416 173 416 173 416 174 416 175 416 185 412 206 416 207 416 208 416 224 412 235 416 235 416 236 416 280 412 350 412 356 416 357 416 358 416 358 416 383 412 387 415 387 416 388 416 389 416 389 416 468 412 468 405 468 378 447 374 446 374 428 377 422 373 421 373 420 373 420 373 399 375 387 371 387 371 386 371 346 377 328 371 327 371 327 371 326 371 311 377 278 371 278 371 218 374 181 371 180 371 179 371 179 371 179 371 171 378 122 378 114 371 113 371 113 371 84 371 84 405"/></Shape>
            <String CONTENT="Et ne ſ’en pourra eximer,"
                    HPOS="84"
                    VPOS="371"
                    WIDTH="384"
                    HEIGHT="45"
                    WC="0.9687453961372375"></String>
          </TextLine>
          <TextLine ID="eSc_line_7c859d94"
                    TAGREFS="LT8"
                    BASELINE="84 443 548 441" 
                    HPOS="83"
                    VPOS="410"
                    WIDTH="465"
                    HEIGHT="46">
            <Shape><Polygon POINTS="84 443 84 455 225 452 237 456 237 456 238 456 239 456 256 451 305 451 325 455 325 455 326 455 341 451 344 455 345 455 346 455 346 455 347 455 348 455 353 452 390 455 391 455 391 455 392 455 392 455 396 451 425 455 426 455 444 451 532 455 532 455 533 455 548 451 548 441 547 418 523 418 511 410 510 410 510 410 465 410 464 410 463 410 463 410 458 414 440 410 440 410 415 415 399 410 398 410 397 410 339 411 338 411 337 411 325 419 283 419 272 411 272 411 271 411 270 411 237 419 83 415 84 443"/></Shape>
            <String CONTENT="Ie ne veux plus que Dieu aimer."
                    HPOS="83"
                    VPOS="410"
                    WIDTH="465"
                    HEIGHT="46"
                    WC="0.9960083557713416"></String>
          </TextLine>
          <TextLine ID="eSc_line_a187b4f1"
                    TAGREFS="LT8"
                    BASELINE="124 483 584 482" 
                    HPOS="123"
                    VPOS="449"
                    WIDTH="461"
                    HEIGHT="45">
            <Shape><Polygon POINTS="124 483 124 490 197 490 202 494 203 494 204 494 204 494 223 490 231 494 231 494 232 494 233 494 246 490 280 494 280 494 304 490 348 493 348 493 349 493 357 490 419 490 430 494 430 494 431 494 466 490 471 494 472 494 473 494 473 494 498 490 503 494 504 494 504 494 505 494 534 494 534 494 535 494 535 494 540 490 555 494 556 494 557 494 583 491 584 482 582 458 567 458 557 449 557 449 556 449 545 449 545 449 544 449 543 449 532 457 485 449 465 449 465 449 464 449 446 458 360 458 346 450 345 450 326 450 325 450 325 450 324 450 319 454 286 450 285 450 284 450 284 450 284 451 276 457 268 450 267 450 267 450 252 450 251 450 251 450 236 458 208 452 207 452 163 458 150 450 150 450 149 450 148 450 123 450 124 483"/></Shape>
            <String CONTENT="Le monde &amp; ſes concupiſcences,"
                    HPOS="123"
                    VPOS="449"
                    WIDTH="461"
                    HEIGHT="45"
                    WC="0.9678433517615"></String>
          </TextLine>
          <TextLine ID="eSc_line_5d10b1c6"
                    TAGREFS="LT8"
                    BASELINE="85 523 341 519 625 523" 
                    HPOS="85"
                    VPOS="486"
                    WIDTH="540"
                    HEIGHT="49">
            <Shape><Polygon POINTS="85 523 85 533 153 529 179 533 179 533 204 529 209 533 210 533 210 533 211 533 229 529 244 533 245 533 245 533 284 529 300 532 301 532 335 530 341 534 341 534 342 534 343 534 382 529 420 529 430 533 431 533 432 533 465 530 471 534 472 534 473 534 473 534 474 534 490 529 508 534 509 534 510 534 546 529 573 534 574 535 625 535 625 523 625 495 601 494 591 487 590 487 590 487 589 487 588 487 568 492 555 487 554 487 530 487 529 487 528 487 514 495 487 495 475 488 474 488 473 488 446 494 406 488 405 488 405 488 393 495 366 495 358 489 358 489 357 489 341 488 340 488 269 488 268 488 255 494 223 486 187 486 187 486 186 486 171 494 130 494 111 486 110 486 109 486 90 490 85 488 85 523"/></Shape>
            <String CONTENT="Nous font commettre mille offenſes,"
                    HPOS="85"
                    VPOS="486"
                    WIDTH="540"
                    HEIGHT="49"
                    WC="0.9993217195783343"></String>
          </TextLine>
          <TextLine ID="eSc_line_1e3f70db"
                    TAGREFS="LT8"
                    BASELINE="85 559 547 558" 
                    HPOS="85"
                    VPOS="527"
                    WIDTH="462"
                    HEIGHT="48">
            <Shape><Polygon POINTS="85 559 85 570 177 574 177 574 178 574 206 567 233 571 233 571 234 571 243 567 282 567 288 572 289 572 290 572 290 572 291 572 292 572 292 571 297 567 314 567 323 574 323 574 324 574 325 575 336 575 336 574 337 574 352 567 363 571 364 571 364 571 392 570 401 574 402 574 403 574 403 574 432 567 472 573 473 573 500 570 508 574 509 574 510 574 510 574 511 574 511 574 516 570 536 571 537 571 537 571 547 566 547 558 545 533 479 533 459 529 458 529 458 529 457 529 452 533 432 529 431 529 407 533 391 527 390 527 361 527 360 527 360 527 346 533 331 527 331 527 330 527 296 531 290 527 289 527 288 527 288 527 287 527 274 531 268 527 268 527 267 527 267 527 266 527 265 527 259 531 235 527 234 527 233 527 221 531 185 531 142 527 141 527 140 527 121 533 107 529 107 529 106 529 85 533 85 559"/></Shape>
            <String CONTENT="Qui peuuent trop Dieu animer:"
                    HPOS="85"
                    VPOS="527"
                    WIDTH="462"
                    HEIGHT="48"
                    ></String>
          </TextLine>
          <TextLine ID="eSc_line_f67d1cdb"
                    TAGREFS="LT8"
                    BASELINE="84 601 242 597 547 598" 
                    HPOS="83"
                    VPOS="565"
                    WIDTH="464"
                    HEIGHT="46">
            <Shape><Polygon POINTS="84 601 84 610 142 610 142 609 143 609 157 605 232 605 237 609 237 610 238 610 239 610 239 611 255 611 255 610 256 610 257 610 263 605 291 608 292 608 292 608 306 605 329 610 329 610 330 610 331 610 337 605 375 605 385 610 386 610 387 610 407 606 430 610 431 610 484 605 500 609 501 609 502 609 502 609 512 604 546 603 547 598 546 573 504 573 490 566 489 566 489 566 461 569 454 566 453 566 452 566 452 566 438 572 424 566 424 566 423 566 401 569 393 565 392 565 356 565 355 565 354 565 339 574 329 574 318 565 317 565 317 565 316 565 315 565 297 570 284 565 284 565 236 565 235 565 235 565 234 565 228 570 208 568 207 568 174 573 83 569 84 601"/></Shape>
            <String CONTENT="Ie ne veux plus le monde aimer."
                    HPOS="83"
                    VPOS="565"
                    WIDTH="464"
                    HEIGHT="46"
                    WC="0.9857419536959741"></String>
          </TextLine>
          <TextLine ID="eSc_line_d161a9e6"
                    TAGREFS="LT8"
                    BASELINE="122 638 438 636 569 637 602 640" 
                    HPOS="122"
                    VPOS="601"
                    WIDTH="480"
                    HEIGHT="49">
            <Shape><Polygon POINTS="122 638 122 646 142 649 142 649 143 649 144 649 150 644 155 647 155 647 156 647 191 644 198 649 199 649 200 649 200 650 214 650 214 649 215 649 230 644 251 649 251 649 252 649 253 649 253 649 261 644 352 647 352 647 380 643 467 649 468 649 469 649 485 644 505 644 511 648 512 648 512 648 513 648 514 648 514 648 521 643 551 643 569 648 570 648 571 649 602 649 602 640 602 610 549 609 544 605 543 605 543 605 542 605 541 605 530 609 522 601 521 601 520 601 520 601 519 601 491 609 468 605 467 605 467 605 466 605 459 610 421 610 404 602 403 602 403 602 402 602 389 607 366 602 366 602 346 606 295 602 294 602 294 602 276 611 246 611 236 603 235 603 235 603 192 603 191 603 191 603 183 606 171 603 171 603 170 603 169 603 169 603 156 610 122 609 122 638"/></Shape>
            <String CONTENT="Delaiſſons donc folles plaiſances,"
                    HPOS="122"
                    VPOS="601"
                    WIDTH="480"
                    HEIGHT="49"
                    ></String>
          </TextLine>
          <TextLine ID="eSc_line_dfe94842"
                    TAGREFS="LT8"
                    BASELINE="85 677 578 675" 
                    HPOS="85"
                    VPOS="642"
                    WIDTH="493"
                    HEIGHT="48">
            <Shape><Polygon POINTS="85 677 85 684 114 689 115 689 147 684 206 684 217 689 218 689 218 690 249 690 249 689 275 683 296 683 302 688 302 688 303 688 304 688 366 683 389 688 389 688 390 688 400 683 409 688 410 688 411 688 411 688 412 688 412 687 417 683 428 683 438 688 439 688 440 688 458 684 496 688 497 688 527 683 538 687 539 687 539 687 540 687 541 687 547 683 578 681 578 675 576 648 552 648 535 643 535 643 534 643 534 643 533 643 524 649 493 649 483 642 482 642 481 642 481 642 480 642 479 642 469 649 393 649 376 644 376 644 375 644 374 644 364 649 356 643 355 643 354 643 293 643 292 643 292 643 291 643 286 646 270 643 270 643 269 643 263 646 257 644 257 644 256 644 255 644 255 644 248 649 224 644 223 644 186 649 173 644 172 644 171 644 150 647 93 644 93 644 92 644 91 644 85 648 85 677"/></Shape>
            <String CONTENT="Vilains regards, ieux, ris &amp; danſes:"
                    HPOS="85"
                    VPOS="642"
                    WIDTH="493"
                    HEIGHT="48"
                    WC="0.9952263467841678"></String>
          </TextLine>
          <TextLine ID="eSc_line_fd3aa350"
                    TAGREFS="LT8"
                    BASELINE="84 716 535 714" 
                    HPOS="83"
                    VPOS="683"
                    WIDTH="452"
                    HEIGHT="46">
            <Shape><Polygon POINTS="84 716 84 723 142 727 143 727 144 727 144 727 149 723 155 729 155 729 156 729 157 729 243 723 267 727 267 727 268 727 276 723 292 723 296 728 297 728 298 728 298 728 324 723 342 728 343 728 343 728 368 724 390 727 391 727 391 727 407 722 422 725 423 725 424 725 435 722 457 726 458 726 458 726 468 723 478 726 479 726 479 726 493 723 497 727 498 727 498 727 499 727 535 725 535 714 534 690 483 690 473 683 472 683 471 683 428 683 428 683 427 683 426 683 419 689 404 684 403 684 403 684 377 688 370 684 370 684 369 684 307 684 307 684 306 684 305 684 297 690 286 690 279 684 278 684 278 684 277 684 233 691 197 691 187 684 187 684 186 684 185 684 185 684 162 690 146 686 145 686 144 686 120 690 83 688 84 716"/></Shape>
            <String CONTENT="Sans plus ords propos reſumer,"
                    HPOS="83"
                    VPOS="683"
                    WIDTH="452"
                    HEIGHT="46"
                    WC="0.9972021261850993"></String>
          </TextLine>
          <TextLine ID="eSc_line_75f8f19d"
                    TAGREFS="LT8"
                    BASELINE="84 758 217 753 546 755" 
                    HPOS="83"
                    VPOS="722"
                    WIDTH="463"
                    HEIGHT="44">
            <Shape><Polygon POINTS="84 758 84 766 116 762 175 765 175 765 176 765 177 765 182 762 206 765 207 765 208 765 218 762 269 762 277 765 278 765 278 765 295 762 300 766 300 766 301 766 302 766 326 766 326 766 327 766 327 766 334 762 360 766 360 766 456 762 514 766 514 766 545 761 546 755 545 731 512 731 506 725 506 725 505 725 504 725 504 725 492 731 469 731 460 722 459 722 459 722 458 722 458 722 437 730 428 726 428 726 427 726 426 726 415 730 400 722 399 722 362 722 362 722 361 722 350 727 337 722 337 722 336 722 309 727 288 722 287 722 286 722 286 722 276 731 263 731 253 722 253 722 252 722 224 722 224 722 223 722 222 722 211 730 186 727 185 727 185 727 184 727 180 731 136 731 109 722 108 722 107 722 83 726 84 758"/></Shape>
            <String CONTENT="Il ne nous faut que Dieu aimer,"
                    HPOS="83"
                    VPOS="722"
                    WIDTH="463"
                    HEIGHT="44"
                    WC="0.9758834665821444"></String>
          </TextLine>
          <TextLine ID="eSc_line_d2e20249"
                    TAGREFS="LT8"
                    BASELINE="119 795 598 793" 
                    HPOS="118"
                    VPOS="759"
                    WIDTH="480"
                    HEIGHT="48">
            <Shape><Polygon POINTS="119 795 119 803 126 807 126 807 127 807 158 803 228 803 233 807 233 807 234 807 235 807 235 807 252 803 288 803 293 806 294 806 294 806 295 806 362 803 405 806 405 806 406 806 420 802 452 805 453 805 524 801 596 804 598 793 596 765 572 759 571 759 541 764 534 759 534 759 533 759 532 759 532 759 531 759 526 763 518 760 517 760 516 760 516 760 502 764 474 759 473 759 473 759 472 759 464 764 458 760 457 760 456 760 456 760 428 764 405 760 405 760 404 760 403 760 397 764 382 760 382 760 381 760 380 760 367 766 358 766 351 760 350 760 350 760 349 760 306 765 280 760 279 760 235 761 235 761 234 761 227 766 176 766 165 760 164 760 138 760 138 760 137 760 118 766 119 795"/></Shape>
            <String CONTENT="Allons tous apprendre à l’eſchole"
                    HPOS="118"
                    VPOS="759"
                    WIDTH="480"
                    HEIGHT="48"
                    WC="0.9971774097751168"></String>
          </TextLine>
          <TextLine ID="eSc_line_8695a207"
                    TAGREFS="LT8"
                    BASELINE="83 835 467 833" 
                    HPOS="82"
                    VPOS="799"
                    WIDTH="385"
                    HEIGHT="49">
            <Shape><Polygon POINTS="83 835 83 843 92 846 93 846 93 846 94 846 95 846 95 846 98 842 146 842 152 846 153 846 153 846 154 846 155 846 160 842 178 847 179 847 179 847 180 847 181 847 187 843 198 848 198 848 199 848 200 848 214 842 228 846 228 846 229 846 251 842 275 842 282 846 282 846 283 846 284 846 307 842 325 847 326 847 327 847 364 846 365 846 374 842 389 846 390 846 391 846 391 846 392 846 397 842 407 846 407 846 408 846 409 846 409 846 413 843 466 846 467 833 465 806 446 806 433 799 432 799 432 799 399 806 388 802 387 802 387 802 386 802 385 802 385 803 382 807 336 807 286 800 286 800 228 803 209 800 208 800 208 800 207 800 207 801 200 807 177 801 177 801 176 801 175 801 152 807 144 801 143 801 142 801 142 801 141 801 119 807 103 801 103 801 102 801 82 802 83 835"/></Shape>
            <String CONTENT="De leſus la ſaincte parolle:"
                    HPOS="82"
                    VPOS="799"
                    WIDTH="385"
                    HEIGHT="49"
                    WC="0.9725903953824725"></String>
          </TextLine>
          <TextLine ID="eSc_line_e2b74ad2"
                    TAGREFS="LT8"
                    BASELINE="86 871 500 871 625 874 637 872" 
                    HPOS="85"
                    VPOS="839"
                    WIDTH="552"
                    HEIGHT="50">
            <Shape><Polygon POINTS="86 871 85 882 112 889 113 889 194 889 194 889 195 889 211 882 245 882 257 886 257 886 258 886 259 886 266 883 332 883 343 889 343 889 344 889 344 889 345 889 346 889 357 882 389 885 389 885 415 882 440 889 441 889 442 889 442 889 443 889 454 883 485 882 493 888 494 888 495 888 495 888 518 883 528 889 529 889 530 889 530 889 531 889 547 884 559 889 559 889 560 889 600 885 636 889 637 872 635 839 588 843 501 839 500 839 500 839 482 846 469 842 468 842 467 842 452 845 443 840 442 840 442 840 441 840 427 844 420 839 420 839 419 839 419 839 403 840 402 840 401 840 392 847 331 847 319 840 319 840 318 840 282 845 231 840 230 840 229 840 218 846 86 842 86 871"/></Shape>
            <String CONTENT="Qui peut l’homme en bien addonner,"
                    HPOS="85"
                    VPOS="839"
                    WIDTH="552"
                    HEIGHT="50"
                    WC="0.9820297833751229"></String>
          </TextLine>
          <TextLine ID="eSc_line_76f2d76e"
                    TAGREFS="LT8"
                    BASELINE="84 913 558 911" 
                    HPOS="83"
                    VPOS="879"
                    WIDTH="475"
                    HEIGHT="46">
            <Shape><Polygon POINTS="84 913 84 923 223 925 224 925 264 920 270 924 271 924 272 924 272 925 298 925 298 924 299 924 306 920 313 924 313 924 314 924 315 925 350 925 350 924 350 924 351 924 358 920 398 923 399 923 399 923 411 919 437 919 441 922 442 922 442 922 443 922 467 919 484 924 485 924 485 924 557 918 558 911 557 887 500 887 476 879 475 879 475 879 442 887 429 881 428 881 428 881 427 881 422 883 409 880 409 880 408 880 352 885 337 880 337 880 242 880 241 880 241 880 225 889 120 889 106 881 105 881 105 881 83 882 84 913"/></Shape>
            <String CONTENT="Et apprendre à bien Dieu aimer."
                    HPOS="83"
                    VPOS="879"
                    WIDTH="475"
                    HEIGHT="46"
                    WC="0.9823507983237505"></String>
          </TextLine>
          <TextLine ID="eSc_line_341e52f2"
                    TAGREFS="LT8"
                    BASELINE="123 951 596 952" 
                    HPOS="122"
                    VPOS="918"
                    WIDTH="474"
                    HEIGHT="47">
            <Shape><Polygon POINTS="123 951 122 963 182 965 183 965 219 961 272 965 273 965 350 962 360 965 361 965 362 965 428 961 439 965 440 965 440 965 441 965 456 961 503 965 504 965 528 961 532 965 533 965 534 965 534 965 596 965 596 952 596 926 549 918 548 918 547 918 526 925 510 918 509 918 508 918 508 918 492 926 481 918 480 918 479 918 479 918 478 918 456 926 446 918 445 918 444 918 405 918 405 918 404 918 403 918 397 922 377 918 376 918 376 918 375 918 364 926 304 926 276 918 276 918 275 918 239 922 204 920 203 920 202 920 191 925 123 920 123 951"/></Shape>
            <String CONTENT="Et pour faire au diable moleſtes,"
                    HPOS="122"
                    VPOS="918"
                    WIDTH="474"
                    HEIGHT="47"
                    WC="0.995125620654135"></String>
          </TextLine>
          <TextLine ID="eSc_line_14502af6"
                    TAGREFS="LT8"
                    BASELINE="85 989 512 989" 
                    HPOS="85"
                    VPOS="957"
                    WIDTH="427"
                    HEIGHT="45">
            <Shape><Polygon POINTS="85 989 85 1000 99 996 126 996 133 1000 134 1000 134 1000 135 1000 159 996 171 1002 172 1002 173 1002 216 998 228 1002 229 1002 229 1002 283 1002 283 1002 284 1002 299 998 325 1002 325 1002 326 1002 339 996 389 996 397 1000 398 1000 399 1000 458 996 500 1002 501 1002 502 1002 512 997 512 989 512 961 454 957 453 957 452 957 438 962 425 957 424 957 424 957 423 957 410 962 371 959 370 959 370 959 369 959 364 962 352 958 351 958 350 958 332 962 306 958 305 958 275 962 267 957 266 957 265 957 265 957 253 961 216 957 215 957 194 962 191 959 190 959 189 959 189 959 167 962 161 958 160 958 159 958 159 958 124 962 112 957 111 957 85 957 85 989"/></Shape>
            <String CONTENT="Prenons les armures celeſtes:"
                    HPOS="85"
                    VPOS="957"
                    WIDTH="427"
                    HEIGHT="45"
                    WC="0.9985049387504314"></String>
          </TextLine>
          <TextLine ID="eSc_line_91d0b31d"
                    TAGREFS="LT8"
                    BASELINE="87 1025 554 1027" 
                    HPOS="86"
                    VPOS="994"
                    WIDTH="468"
                    HEIGHT="47">
            <Shape><Polygon POINTS="87 1025 86 1035 169 1038 170 1038 193 1034 265 1039 265 1039 287 1035 317 1039 317 1039 318 1039 335 1035 343 1039 344 1039 344 1039 409 1035 429 1039 430 1039 430 1039 431 1039 438 1035 478 1041 479 1041 553 1035 554 1027 553 1004 518 1004 501 997 500 997 500 997 499 997 484 1003 461 998 460 998 459 998 448 1002 439 996 438 996 438 996 385 996 385 996 343 1002 309 995 309 995 308 995 281 1002 204 1002 178 1002 170 994 169 994 169 994 168 994 137 996 136 996 136 996 128 1001 116 994 115 994 87 994 87 1025"/></Shape>
            <String CONTENT="C’eſt le moyen pour l’aſſommer,"
                    HPOS="86"
                    VPOS="994"
                    WIDTH="468"
                    HEIGHT="47"
                    WC="0.9904242504027582"></String>
          </TextLine>
          <TextLine ID="eSc_line_f3982881"
                    TAGREFS="LT8"
                    BASELINE="83 1063 260 1067 548 1066" 
                    HPOS="83"
                    VPOS="1035"
                    WIDTH="479"
                    HEIGHT="58">
            <Shape><Polygon POINTS="83 1081 93 1086 94 1086 95 1086 106 1081 133 1081 171 1091 172 1092 196 1092 196 1091 197 1091 215 1082 249 1091 250 1091 251 1092 285 1092 285 1091 286 1091 303 1083 315 1092 316 1092 317 1092 317 1093 336 1093 336 1092 337 1092 362 1082 380 1082 388 1089 389 1089 405 1092 406 1093 446 1093 446 1092 447 1092 448 1092 454 1087 469 1092 470 1092 471 1092 493 1082 547 1082 548 1066 562 1040 458 1036 457 1036 424 1041 410 1036 409 1036 384 1039 370 1036 369 1036 368 1036 358 1040 323 1037 322 1037 321 1037 311 1041 268 1035 267 1035 251 1040 222 1035 221 1035 220 1035 206 1040 197 1037 196 1037 195 1037 194 1037 190 1041 118 1041 83 1035 83 1063"/></Shape>
            <String CONTENT="Ie ne veux plus que Dieu aimer."
                    HPOS="83"
                    VPOS="1035"
                    WIDTH="479"
                    HEIGHT="58"
                    ></String>
          </TextLine>
        </TextBlock>
      </PrintSpace>
    </Page>
  </Layout>
</alto>
