<?xml version="1.0" encoding="UTF-8"?>
<alto xmlns:xsi="http://www.w3.org/2001/XMLSchema-instance"
      xmlns="http://www.loc.gov/standards/alto/ns-v4#"
      xsi:schemaLocation="http://www.loc.gov/standards/alto/ns-v4# http://www.loc.gov/standards/alto/v4/alto-4-2.xsd">
  <Description>
    <MeasurementUnit>pixel</MeasurementUnit>
    <sourceImageInformation>
      <fileName>7_fbb2d_default.jpg</fileName>
      <fileIdentifier>https://iiif.onb.ac.at/images/ABO/Z167383706/00000008/full/full/0/default.jpg</fileIdentifier>
    </sourceImageInformation>
  </Description>
  <Tags>
    <OtherTag ID="BT7" LABEL="CustomZone" DESCRIPTION="block type CustomZone"/><OtherTag ID="BT8" LABEL="DamageZone" DESCRIPTION="block type DamageZone"/><OtherTag ID="BT9" LABEL="DigitizationArtefactZone" DESCRIPTION="block type DigitizationArtefactZone"/><OtherTag ID="BT10" LABEL="DropCapitalZone" DESCRIPTION="block type DropCapitalZone"/><OtherTag ID="BT11" LABEL="GraphicZone" DESCRIPTION="block type GraphicZone"/><OtherTag ID="BT12" LABEL="MainZone" DESCRIPTION="block type MainZone"/><OtherTag ID="BT13" LABEL="MarginTextZone" DESCRIPTION="block type MarginTextZone"/><OtherTag ID="BT14" LABEL="MusicZone" DESCRIPTION="block type MusicZone"/><OtherTag ID="BT15" LABEL="NumberingZone" DESCRIPTION="block type NumberingZone"/><OtherTag ID="BT17" LABEL="QuireMarksZone" DESCRIPTION="block type QuireMarksZone"/><OtherTag ID="BT18" LABEL="RunningTitleZone" DESCRIPTION="block type RunningTitleZone"/><OtherTag ID="BT19" LABEL="SealZone" DESCRIPTION="block type SealZone"/><OtherTag ID="BT20" LABEL="StampZone" DESCRIPTION="block type StampZone"/><OtherTag ID="BT21" LABEL="TableZone" DESCRIPTION="block type TableZone"/><OtherTag ID="BT22" LABEL="TitlePageZone" DESCRIPTION="block type TitlePageZone"/>
    <OtherTag ID="LT7" LABEL="CustomLine" DESCRIPTION="line type CustomLine"/><OtherTag ID="LT8" LABEL="DefaultLine" DESCRIPTION="line type DefaultLine"/><OtherTag ID="LT9" LABEL="DropCapitalLine" DESCRIPTION="line type DropCapitalLine"/><OtherTag ID="LT10" LABEL="HeadingLine" DESCRIPTION="line type HeadingLine"/><OtherTag ID="LT11" LABEL="InterlinearLine" DESCRIPTION="line type InterlinearLine"/><OtherTag ID="LT12" LABEL="MusicLine" DESCRIPTION="line type MusicLine"/><OtherTag ID="LT1205" LABEL="default" DESCRIPTION="line type default"/>
  </Tags>
  <Layout>
    <Page WIDTH="809"
          HEIGHT="1184"
          PHYSICAL_IMG_NR="7"
          ID="eSc_dummypage_">
      <PrintSpace HPOS="0"
                  VPOS="0"
                  WIDTH="809"
                  HEIGHT="1184">
        <TextBlock HPOS="80"
                   VPOS="32"
                   WIDTH="66"
                   HEIGHT="48"
                   ID="eSc_textblock_5303386b"
                   TAGREFS="BT15">
          <Shape><Polygon POINTS="80 32 80 80 146 80 146 32"/></Shape>
          <TextLine ID="eSc_line_54085329"
                    TAGREFS="LT8"
                    BASELINE="100 70 130 72" 
                    HPOS="98"
                    VPOS="33"
                    WIDTH="31"
                    HEIGHT="43">
            <Shape><Polygon POINTS="99 69 98 76 128 74 129 71 129 33 100 36 99 69"/></Shape>
            <String CONTENT="6"
                    HPOS="98"
                    VPOS="33"
                    WIDTH="31"
                    HEIGHT="43"
                    WC="0.9881189465522766"></String>
          </TextLine>
        </TextBlock>
        <TextBlock HPOS="84"
                   VPOS="70"
                   WIDTH="664"
                   HEIGHT="996"
                   ID="eSc_textblock_341310b3"
                   TAGREFS="BT12">
          <Shape><Polygon POINTS="84 80 88 1066 748 1062 736 70"/></Shape>
          <TextLine ID="eSc_line_53c24a3e"
                    TAGREFS="LT8"
                    BASELINE="98 109 455 107 649 111" 
                    HPOS="98"
                    VPOS="75"
                    WIDTH="551"
                    HEIGHT="47">
            <Shape><Polygon POINTS="644 83 642 82 595 82 591 78 590 78 589 78 589 78 563 82 554 75 553 75 552 75 552 75 527 78 495 75 495 75 494 75 474 82 454 75 453 75 432 75 431 75 431 75 430 75 425 79 402 75 401 75 400 75 400 75 390 82 347 82 338 76 337 76 337 76 310 75 310 75 309 75 308 75 302 79 291 75 290 75 243 75 242 75 210 82 190 75 190 75 189 75 188 75 176 82 160 75 159 75 159 75 158 75 142 82 98 75 98 109 98 119 127 116 135 121 136 121 136 121 137 122 152 122 152 121 152 121 166 115 197 115 244 121 244 121 245 121 256 115 272 119 273 119 273 119 284 115 358 115 367 121 368 121 369 121 369 122 410 122 410 121 410 121 419 117 454 121 455 121 456 121 471 115 531 115 554 121 554 121 555 121 589 116 604 121 605 121 606 122 649 122 649 111 647 88 644 83"/></Shape>
            <String CONTENT="En Ieſus Chriſt croyant parfaictement"
                    HPOS="98"
                    VPOS="75"
                    WIDTH="551"
                    HEIGHT="47"
                    WC="0.9947216333569707"></String>
          </TextLine>
          <TextLine ID="eSc_line_bb82f8ca"
                    TAGREFS="LT8"
                    BASELINE="99 146 600 148" 
                    HPOS="98"
                    VPOS="114"
                    WIDTH="502"
                    HEIGHT="45">
            <Shape><Polygon POINTS="99 146 98 151 125 157 125 157 138 154 142 157 142 157 143 157 144 158 217 158 217 157 217 157 231 153 266 157 267 157 267 157 281 153 287 158 287 158 288 158 288 158 319 154 329 158 329 158 330 158 331 158 331 158 336 154 412 153 455 159 456 159 456 159 469 155 515 159 516 159 516 159 529 154 584 159 585 159 585 159 599 154 600 148 600 124 583 119 582 119 581 119 581 119 570 123 540 123 523 115 523 115 466 115 466 115 465 115 448 123 431 115 430 115 414 115 413 115 412 115 392 123 336 119 335 119 335 119 326 123 266 123 256 119 255 119 254 119 231 122 213 114 213 114 176 114 175 114 175 114 174 114 161 123 140 123 129 114 128 114 127 114 127 114 99 115 99 146"/></Shape>
            <String CONTENT="Remiſſion, tout mort finablement"
                    HPOS="98"
                    VPOS="114"
                    WIDTH="502"
                    HEIGHT="45"
                    WC="0.9722157567739487"></String>
          </TextLine>
          <TextLine ID="eSc_line_f5adb7a0"
                    TAGREFS="LT8"
                    BASELINE="98 186 420 185 700 189" 
                    HPOS="98"
                    VPOS="153"
                    WIDTH="602"
                    HEIGHT="50">
            <Shape><Polygon POINTS="98 186 98 196 107 194 124 199 125 199 125 199 149 194 156 199 156 199 157 199 157 199 182 199 182 199 182 199 196 194 221 194 237 199 238 199 238 199 278 194 321 196 333 201 334 201 335 201 382 201 382 201 383 201 396 195 410 201 410 201 411 201 412 201 431 195 450 201 451 201 452 201 452 201 462 196 485 196 495 201 495 201 496 201 496 202 525 202 525 201 526 201 537 196 566 196 585 199 586 199 607 197 622 201 623 201 624 201 649 196 672 202 672 202 673 203 699 203 700 189 699 163 686 163 674 155 673 155 672 155 650 155 649 155 649 155 623 163 604 155 604 155 569 155 568 155 568 155 556 161 549 157 548 157 548 157 547 157 547 157 536 161 512 159 512 159 432 162 411 154 410 154 410 154 377 155 376 155 375 155 364 161 293 161 281 153 281 153 280 153 279 153 279 153 261 159 254 154 253 154 252 154 252 154 251 154 245 157 232 153 231 153 231 153 230 153 229 153 218 161 191 153 190 153 190 153 189 153 170 159 160 154 159 154 159 154 129 159 111 153 110 153 109 153 98 155 98 186"/></Shape>
            <String CONTENT="Prendra ſa chair, qui dort ou qui ſõmeille,"
                    HPOS="98"
                    VPOS="153"
                    WIDTH="602"
                    HEIGHT="50"
                    WC="0.9865374944426797"></String>
          </TextLine>
          <TextLine ID="eSc_line_3c104ef8"
                    TAGREFS="LT8"
                    BASELINE="102 222 609 226" 
                    HPOS="102"
                    VPOS="194"
                    WIDTH="507"
                    HEIGHT="46">
            <Shape><Polygon POINTS="102 222 102 233 179 233 203 238 204 238 204 238 213 234 224 237 225 237 225 237 246 234 251 238 252 238 252 238 253 238 291 237 292 237 292 237 296 234 306 238 306 238 307 238 308 238 317 234 322 238 323 238 323 238 324 238 391 234 406 239 406 239 407 239 408 239 419 236 428 239 429 239 429 239 530 236 537 240 538 240 539 240 539 240 608 236 609 226 608 205 573 201 572 201 468 203 453 200 452 200 452 200 431 203 424 198 423 198 423 198 422 198 399 203 370 199 369 199 346 202 339 199 339 199 338 199 337 199 321 203 305 196 304 196 246 196 245 196 244 196 218 202 168 198 167 198 142 201 131 195 130 195 130 195 102 194 102 222"/></Shape>
            <String CONTENT="Ie croy cela de cœur certainement."
                    HPOS="102"
                    VPOS="194"
                    WIDTH="507"
                    HEIGHT="46"
                    WC="0.9754354375250199"></String>
          </TextLine>
          <TextLine ID="eSc_line_6846b139"
                    TAGREFS="LT8"
                    BASELINE="100 264 679 266" 
                    HPOS="100"
                    VPOS="232"
                    WIDTH="579"
                    HEIGHT="52">
            <Shape><Polygon POINTS="100 264 100 274 125 282 126 282 127 282 127 282 144 277 159 280 160 280 161 280 161 280 168 276 257 276 267 282 268 282 269 282 293 283 294 283 334 277 352 283 353 283 354 283 354 283 355 283 364 278 383 283 383 283 384 283 385 283 385 283 395 276 412 283 412 283 413 283 414 283 433 276 516 276 527 284 528 284 529 284 529 284 587 284 587 284 587 284 588 284 599 277 633 284 634 284 635 284 651 278 678 283 679 266 678 242 664 242 650 234 649 234 620 234 620 234 619 234 618 234 608 241 574 236 574 236 552 241 522 238 521 238 486 241 444 241 429 233 429 233 350 233 349 233 325 238 314 235 313 235 313 235 312 235 293 240 266 240 258 234 257 234 256 234 256 234 221 238 213 232 212 232 211 232 211 232 210 232 185 240 156 240 137 232 136 232 100 232 100 264"/></Shape>
            <String CONTENT="Faute de Foy c’eſt douleur nompareille."
                    HPOS="100"
                    VPOS="232"
                    WIDTH="579"
                    HEIGHT="52"
                    WC="0.9743193831199255"></String>
          </TextLine>
          <TextLine ID="eSc_line_d0021e04"
                    TAGREFS="LT10"
                    BASELINE="341 322 465 322" 
                    HPOS="341"
                    VPOS="282"
                    WIDTH="124"
                    HEIGHT="58">
            <Shape><Polygon POINTS="341 329 369 329 381 339 381 340 382 340 383 340 421 340 422 340 422 339 429 332 434 336 435 336 436 336 437 336 449 329 464 332 465 322 465 295 444 295 422 283 421 283 420 283 396 292 382 282 381 282 380 282 341 282 341 322"/></Shape>
            <String CONTENT="Oraiſon."
                    HPOS="341"
                    VPOS="282"
                    WIDTH="124"
                    HEIGHT="58"
                    WC="0.9967081919312477"></String>
          </TextLine>
          <TextLine ID="eSc_line_d312fdda"
                    TAGREFS="LT8"
                    BASELINE="167 382 600 383 687 386" 
                    HPOS="167"
                    VPOS="349"
                    WIDTH="520"
                    HEIGHT="48">
            <Shape><Polygon POINTS="667 369 661 367 654 365 649 363 629 363 609 354 608 354 602 354 595 354 589 353 582 353 575 353 569 353 562 353 556 353 552 353 536 363 483 361 466 350 466 350 465 350 464 350 423 351 423 351 422 351 412 359 393 352 392 352 392 352 364 358 351 349 350 349 350 349 340 349 339 349 339 349 305 359 259 349 258 349 258 349 223 362 167 351 167 382 167 395 262 392 269 396 270 396 271 396 271 397 296 397 296 396 337 392 392 396 393 396 394 396 394 396 402 392 435 392 452 397 452 397 453 397 454 397 469 393 491 397 491 397 492 397 509 393 528 393 535 397 535 397 536 397 537 397 600 393 639 397 639 397 663 393 685 397 687 386 669 369 667 369"/></Shape>
            <String CONTENT="Grand bonté, o puiſſance infinie,"
                    HPOS="167"
                    VPOS="349"
                    WIDTH="520"
                    HEIGHT="48"
                    WC="0.988982130499447"></String>
          </TextLine>
          <TextLine ID="eSc_line_4fcb38d8"
                    TAGREFS="LT8"
                    BASELINE="181 423 638 424" 
                    HPOS="152"
                    VPOS="391"
                    WIDTH="486"
                    HEIGHT="47">
            <Shape><Polygon POINTS="152 428 291 436 292 436 293 436 303 430 325 436 326 437 348 437 348 436 349 436 350 436 359 430 364 434 365 434 450 434 454 438 455 438 456 438 491 432 527 432 537 438 538 438 539 438 637 432 638 424 638 402 624 398 623 398 622 398 594 400 585 394 584 394 568 394 525 401 510 394 509 394 508 394 498 400 464 401 454 393 453 393 452 393 369 400 358 392 357 392 356 392 322 395 295 392 294 392 279 399 252 391 251 391 238 391 237 391 236 391 225 399 177 394 176 394 153 397 153 419"/></Shape>
            <String CONTENT="IIe te ſupply de me faire la grace,"
                    HPOS="152"
                    VPOS="391"
                    WIDTH="486"
                    HEIGHT="47"
                    WC="0.9652834739003863"></String>
          </TextLine>
          <TextLine ID="eSc_line_bc9c5086"
                    TAGREFS="LT8"
                    BASELINE="104 460 629 461" 
                    HPOS="103"
                    VPOS="431"
                    WIDTH="526"
                    HEIGHT="44">
            <Shape><Polygon POINTS="104 460 103 467 121 474 122 474 123 475 167 475 167 474 168 474 177 469 184 473 184 473 185 473 186 473 186 473 197 468 211 474 212 474 213 475 231 475 231 474 232 474 249 468 273 474 273 474 274 474 275 474 290 468 332 468 337 471 338 471 339 471 339 471 340 471 350 468 396 468 406 473 406 473 407 473 408 473 420 468 429 475 430 475 431 475 431 475 432 475 450 468 462 472 462 472 463 472 464 472 471 468 493 472 493 472 518 469 531 475 531 475 532 475 558 469 589 475 590 475 628 470 629 461 627 432 612 436 589 432 588 432 587 432 572 438 498 432 497 432 475 437 444 437 437 432 437 432 436 432 435 432 410 438 397 434 396 434 396 434 376 438 366 431 365 431 365 431 364 431 340 432 339 432 339 432 331 437 278 431 277 431 242 437 206 434 205 434 173 437 156 432 155 432 154 432 133 435 128 431 127 431 127 431 104 431 104 460"/></Shape>
            <String CONTENT="Que ta parole à mon cœur ſoit vnie"
                    HPOS="103"
                    VPOS="431"
                    WIDTH="526"
                    HEIGHT="44"
                    WC="0.9870910116604397"></String>
          </TextLine>
          <TextLine ID="eSc_line_d39fc6fb"
                    TAGREFS="LT8"
                    BASELINE="100 501 638 498" 
                    HPOS="99"
                    VPOS="468"
                    WIDTH="539"
                    HEIGHT="47">
            <Shape><Polygon POINTS="100 501 100 509 158 509 171 515 172 515 173 515 205 515 205 515 206 515 206 515 213 509 228 511 229 511 229 511 230 511 235 508 268 508 276 514 277 514 277 514 278 514 279 514 294 508 313 514 313 514 314 514 337 509 358 514 358 514 359 514 415 509 442 513 443 513 467 508 483 513 483 513 484 513 523 507 568 513 568 513 595 508 605 512 606 512 606 512 638 511 638 498 636 473 595 474 589 469 588 469 587 469 564 468 563 468 525 474 479 469 478 469 477 469 459 474 446 469 446 469 445 469 444 469 423 474 394 471 394 471 363 475 356 470 355 470 354 470 354 470 298 474 289 470 288 470 288 470 287 470 279 473 248 470 248 470 247 470 233 476 138 476 116 470 115 470 115 470 114 470 99 476 100 501"/></Shape>
            <String CONTENT="Auecques foy qui tous pechez efface."
                    HPOS="99"
                    VPOS="468"
                    WIDTH="539"
                    HEIGHT="47"
                    WC="0.9667342685990863"></String>
          </TextLine>
          <TextLine ID="eSc_line_f609ab8c"
                    TAGREFS="LT8"
                    BASELINE="102 539 614 536 711 540" 
                    HPOS="101"
                    VPOS="507"
                    WIDTH="610"
                    HEIGHT="46">
            <Shape><Polygon POINTS="102 539 102 553 117 552 118 552 119 552 127 547 171 547 182 552 182 552 183 552 209 547 236 552 236 552 237 552 238 552 245 547 283 549 283 549 284 549 294 546 363 551 364 551 364 551 378 546 388 550 389 550 389 550 428 547 442 550 443 550 443 550 444 550 456 545 480 545 489 549 489 549 490 549 491 549 506 545 553 551 554 551 584 547 604 551 605 551 710 550 711 540 710 513 643 507 643 507 642 507 641 507 634 512 603 509 602 509 602 509 589 513 578 509 577 509 577 509 535 513 524 508 523 508 523 508 494 513 483 508 483 508 449 508 448 508 448 508 437 513 411 509 410 509 410 509 398 514 390 511 389 511 389 511 388 511 381 515 277 515 251 509 250 509 250 509 238 515 179 511 178 511 150 515 107 509 107 509 106 509 105 509 101 513 102 539"/></Shape>
            <String CONTENT="Car quand ie vien m’offrir deuant ta face,"
                    HPOS="101"
                    VPOS="507"
                    WIDTH="610"
                    HEIGHT="46"
                    WC="0.9887564508687883"></String>
          </TextLine>
          <TextLine ID="eSc_line_9ced7d65"
                    TAGREFS="LT8"
                    BASELINE="101 578 308 576 689 578" 
                    HPOS="100"
                    VPOS="547"
                    WIDTH="589"
                    HEIGHT="42">
            <Shape><Polygon POINTS="101 578 100 586 597 589 598 589 599 589 605 586 610 589 610 589 611 589 612 589 651 586 688 589 689 578 689 554 620 549 619 549 591 553 581 547 581 547 580 547 579 547 579 547 555 553 541 553 530 547 529 547 529 547 487 547 486 547 485 547 470 554 444 554 431 547 431 547 430 547 357 551 346 547 345 547 344 547 344 547 332 553 289 547 288 547 288 547 287 547 278 553 243 553 231 550 231 550 230 550 215 553 200 547 199 547 198 547 198 547 197 547 186 553 152 550 151 550 150 550 138 553 121 547 121 547 120 547 119 547 101 553 101 578"/></Shape>
            <String CONTENT="Pour demander pardon treſamplement,"
                    HPOS="100"
                    VPOS="547"
                    WIDTH="589"
                    HEIGHT="42"
                    WC="0.9749745913914272"></String>
          </TextLine>
          <TextLine ID="eSc_line_f1f8c545"
                    TAGREFS="LT8"
                    BASELINE="100 616 690 616" 
                    HPOS="100"
                    VPOS="586"
                    WIDTH="590"
                    HEIGHT="46">
            <Shape><Polygon POINTS="100 616 100 626 140 626 150 631 150 631 151 631 152 631 152 631 168 626 213 631 214 631 259 626 283 631 283 631 337 626 347 631 348 631 348 631 349 631 368 626 381 630 382 630 383 630 405 626 450 630 450 630 483 626 490 631 491 631 491 631 492 632 588 632 588 631 612 626 679 631 680 631 681 631 689 626 690 616 689 593 665 593 651 586 651 586 619 586 618 586 618 586 602 593 552 593 531 587 530 587 529 587 529 587 517 592 513 589 512 589 512 589 511 589 510 589 495 593 469 588 469 588 468 588 447 593 428 586 427 586 394 586 393 586 392 586 378 593 304 593 290 586 290 586 289 586 254 593 233 590 232 590 231 590 219 593 208 586 208 586 207 586 167 586 167 586 166 586 165 586 155 593 132 593 114 586 113 586 113 586 100 588 100 616"/></Shape>
            <String CONTENT="Sans foy ne puis proffiter, quoy que face:"
                    HPOS="100"
                    VPOS="586"
                    WIDTH="590"
                    HEIGHT="46"
                    WC="0.9982846705686479"></String>
          </TextLine>
          <TextLine ID="eSc_line_2a14d953"
                    TAGREFS="LT8"
                    BASELINE="105 655 646 655" 
                    HPOS="105"
                    VPOS="625"
                    WIDTH="541"
                    HEIGHT="49">
            <Shape><Polygon POINTS="105 655 105 674 119 674 119 674 119 674 132 667 167 667 172 670 173 670 173 670 174 670 195 667 204 674 204 674 205 674 206 674 244 674 244 674 245 674 265 667 290 671 290 671 291 671 297 668 304 674 305 674 306 674 306 674 307 674 329 667 346 672 347 672 348 672 370 669 382 674 383 674 383 674 384 674 394 668 416 674 417 674 462 674 462 674 462 674 463 674 469 669 480 674 481 674 481 674 549 674 549 674 550 674 567 667 585 671 585 671 586 671 598 667 646 667 646 655 646 632 506 632 489 625 489 625 454 625 454 625 453 625 438 631 425 625 425 625 406 625 405 625 404 625 392 632 356 632 348 625 347 625 346 625 346 625 345 625 329 631 315 626 315 626 314 626 313 626 304 631 283 625 282 625 281 625 263 628 232 625 231 625 196 630 178 625 177 625 177 625 176 625 165 630 144 627 144 627 143 627 142 627 137 631 129 625 128 625 127 625 127 625 126 625 105 631 105 655"/></Shape>
            <String CONTENT="Car c’eſt le but de noſtre ſauuement."
                    HPOS="105"
                    VPOS="625"
                    WIDTH="541"
                    HEIGHT="49"
                    WC="0.9896339951334773"></String>
          </TextLine>
          <TextLine ID="eSc_line_fbc66fc0"
                    TAGREFS="LT10"
                    BASELINE="161 753 493 756 668 752" 
                    HPOS="161"
                    VPOS="712"
                    WIDTH="507"
                    HEIGHT="52">
            <Shape><Polygon POINTS="658 721 633 721 626 716 625 716 624 716 610 719 605 716 604 716 603 716 564 720 544 712 543 712 502 716 493 712 492 712 491 712 472 715 427 712 400 718 387 718 378 712 377 712 346 712 345 712 329 721 267 721 243 714 242 714 241 714 226 719 202 712 201 712 200 712 199 712 175 721 161 721 161 753 161 763 202 760 209 764 210 764 211 764 233 764 234 764 242 758 282 764 283 764 337 764 338 764 348 758 362 764 363 764 364 764 377 763 378 763 379 763 385 758 401 764 402 764 426 763 427 763 434 758 460 764 483 763 496 758 546 758 554 764 555 764 556 764 579 758 599 758 618 764 619 764 620 764 640 758 666 761 668 752 666 722 660 722"/></Shape>
            <String CONTENT="CHANSON DES"
                    HPOS="161"
                    VPOS="712"
                    WIDTH="507"
                    HEIGHT="52"
                    WC="0.9990921237251975"></String>
          </TextLine>
          <TextLine ID="eSc_line_0d09b2e4"
                    TAGREFS="LT10"
                    BASELINE="157 802 663 802" 
                    HPOS="157"
                    VPOS="776"
                    WIDTH="506"
                    HEIGHT="56">
            <Shape><Polygon POINTS="157 822 211 822 233 828 234 828 246 824 255 828 256 828 257 828 270 823 280 831 281 831 282 831 326 824 375 831 376 831 397 826 423 831 442 827 465 831 466 831 488 826 549 829 550 829 551 829 554 826 571 831 572 831 573 831 589 826 599 831 600 831 601 831 617 826 643 831 643 832 643 831 663 827 663 802 662 778 641 782 622 776 554 776 535 780 523 776 522 776 521 776 512 782 455 778 454 778 444 782 245 782 175 776 174 776 157 782 157 802"/></Shape>
            <String CONTENT="DIX COMMAMDYMENa"
                    HPOS="157"
                    VPOS="776"
                    WIDTH="506"
                    HEIGHT="56"
                    WC="0.9989211075007915"></String>
          </TextLine>
          <TextLine ID="eSc_line_e91ba23a"
                    TAGREFS="LT10"
                    BASELINE="288 849 497 849" 
                    HPOS="288"
                    VPOS="824"
                    WIDTH="209"
                    HEIGHT="42">
            <Shape><Polygon POINTS="288 865 496 866 497 849 497 829 456 825 441 828 434 824 433 824 402 824 401 824 400 824 394 828 369 824 288 827 288 849"/></Shape>
            <String CONTENT="DE DIEV."
                    HPOS="288"
                    VPOS="824"
                    WIDTH="209"
                    HEIGHT="42"
                    WC="0.9988253712654114"></String>
          </TextLine>
          <TextLine ID="eSc_line_5a842d1d"
                    TAGREFS="LT10"
                    BASELINE="198 902 656 901" 
                    HPOS="198"
                    VPOS="868"
                    WIDTH="458"
                    HEIGHT="49">
            <Shape><Polygon POINTS="198 911 263 911 273 914 274 914 301 910 324 916 325 916 325 917 391 917 391 916 392 916 410 910 419 916 420 916 421 916 450 909 469 916 470 916 507 914 508 914 514 909 525 916 526 916 527 916 552 910 563 916 564 916 565 916 566 916 577 909 617 911 624 916 625 916 626 916 627 916 638 909 656 909 656 901 656 875 635 868 622 868 621 868 620 868 606 875 578 875 568 868 567 868 566 868 565 868 558 874 533 868 516 868 515 868 514 868 503 874 489 868 488 868 487 868 455 874 443 868 442 868 441 868 425 876 410 876 401 869 400 869 399 869 379 873 364 870 363 870 362 870 350 876 326 876 319 869 319 868 318 868 317 868 316 868 303 875 292 871 291 871 273 874 258 868 234 868 233 868 221 874 212 868 211 868 210 868 198 870 198 902"/></Shape>
            <String CONTENT="Sur le chant, Au boys de dueil"
                    HPOS="198"
                    VPOS="868"
                    WIDTH="458"
                    HEIGHT="49"
                    WC="0.9907895048459371"></String>
          </TextLine>
          <TextLine ID="eSc_line_b3244f31"
                    TAGREFS="LT10"
                    BASELINE="205 960 587 958" 
                    HPOS="204"
                    VPOS="928"
                    WIDTH="383"
                    HEIGHT="52">
            <Shape><Polygon POINTS="205 968 250 974 251 974 252 974 263 968 277 968 281 971 281 972 282 972 283 972 315 968 339 973 340 973 350 970 358 974 359 974 360 974 361 974 369 970 375 976 376 976 377 976 378 976 391 969 415 975 416 975 417 975 423 970 434 972 435 972 450 967 484 980 485 980 587 980 587 958 586 938 564 934 563 934 562 934 560 936 553 930 552 930 551 930 550 930 536 938 525 938 508 928 507 928 506 928 480 928 479 928 458 938 414 938 395 928 394 928 379 928 378 928 377 928 364 938 331 939 286 937 278 930 278 929 277 929 276 929 258 930 257 930 250 937 242 938 229 929 228 929 227 929 204 929 205 960"/></Shape>
            <String CONTENT="Le P&#x27;remier Commandement."
                    HPOS="204"
                    VPOS="928"
                    WIDTH="383"
                    HEIGHT="52"
                    WC="0.976520631313324"></String>
          </TextLine>
          <TextLine ID="eSc_line_22204083"
                    TAGREFS="LT8"
                    BASELINE="171 1005 691 1007" 
                    HPOS="170"
                    VPOS="974"
                    WIDTH="521"
                    HEIGHT="50">
            <Shape><Polygon POINTS="171 1005 170 1012 215 1020 215 1020 216 1020 229 1014 260 1014 277 1020 277 1020 278 1020 279 1020 295 1014 301 1018 302 1018 302 1018 303 1018 343 1014 368 1023 369 1023 369 1024 408 1024 408 1023 408 1023 427 1014 465 1014 478 1022 479 1022 479 1022 495 1023 496 1023 496 1023 504 1020 566 1024 567 1024 568 1024 583 1016 599 1024 599 1024 600 1024 648 1024 648 1024 649 1024 670 1017 689 1023 691 1007 691 986 670 980 670 980 650 983 640 976 639 976 639 976 638 976 565 978 564 978 564 978 554 985 517 977 516 977 516 977 504 983 481 980 481 980 480 980 472 984 439 977 438 977 402 980 385 976 384 976 383 976 344 984 333 984 321 974 320 974 319 974 319 974 318 974 291 982 262 980 261 980 261 980 260 980 256 984 217 984 171 976 171 1005"/></Shape>
            <String CONTENT="Dore vn Dieu le Pere tout-puifſant,"
                    HPOS="170"
                    VPOS="974"
                    WIDTH="521"
                    HEIGHT="50"
                    WC="0.981765810080937"></String>
          </TextLine>
          <TextLine ID="eSc_line_4562e6a8"
                    TAGREFS="LT8"
                    BASELINE="170 1049 410 1046 707 1049" 
                    HPOS="170"
                    VPOS="1016"
                    WIDTH="537"
                    HEIGHT="60">
            <Shape><Polygon POINTS="170 1049 171 1074 191 1064 211 1068 212 1068 213 1068 223 1064 278 1068 279 1068 341 1064 354 1070 355 1070 356 1070 356 1070 369 1064 396 1064 410 1070 410 1070 411 1070 412 1070 423 1066 463 1075 464 1076 507 1076 507 1075 508 1075 524 1069 541 1075 541 1075 542 1076 606 1076 606 1075 606 1075 626 1066 653 1064 684 1075 685 1075 685 1076 706 1076 707 1049 706 1022 664 1016 663 1016 662 1016 662 1016 652 1024 599 1024 581 1016 580 1016 579 1016 579 1016 561 1023 485 1018 485 1018 484 1018 483 1018 477 1024 450 1024 437 1016 436 1016 414 1016 413 1016 360 1022 353 1018 352 1018 352 1018 351 1018 350 1018 341 1022 333 1016 333 1016 332 1016 300 1016 299 1016 298 1016 287 1020 271 1016 270 1016 269 1016 269 1016 268 1016 256 1023 227 1023 219 1018 218 1018 217 1018 217 1018 216 1018 201 1022 192 1016 192 1016 191 1016 170 1016 170 1049"/></Shape>
            <String CONTENT="En verité ſans nulle guure charnelle."
                    HPOS="170"
                    VPOS="1016"
                    WIDTH="537"
                    HEIGHT="60"
                    WC="0.9882318957855827"></String>
          </TextLine>
        </TextBlock>
        <TextBlock HPOS="195"
                   VPOS="26"
                   WIDTH="281"
                   HEIGHT="48"
                   ID="eSc_textblock_1a701e31"
                   TAGREFS="BT18">
          <Shape><Polygon POINTS="195 26 195 74 476 74 476 26"/></Shape>
          <TextLine ID="eSc_line_79a1ac61"
                    TAGREFS="LT10"
                    BASELINE="206 61 461 61" 
                    HPOS="206"
                    VPOS="28"
                    WIDTH="255"
                    HEIGHT="49">
            <Shape><Polygon POINTS="394 34 385 28 324 28 323 28 322 28 318 32 314 28 313 28 312 28 298 32 292 28 291 28 290 28 279 32 273 28 272 28 271 28 270 28 270 29 265 33 242 28 218 33 210 30 206 31 206 61 206 69 218 70 227 76 228 76 229 76 229 77 269 77 269 76 270 76 273 73 281 76 282 76 283 76 291 71 321 76 322 76 334 72 341 76 342 76 343 76 344 76 352 71 362 76 363 76 364 76 365 76 374 71 393 71 404 76 405 76 406 76 419 73 460 76 461 61 460 34 456 34"/></Shape>
            <String CONTENT="CHANSONS."
                    HPOS="206"
                    VPOS="28"
                    WIDTH="255"
                    HEIGHT="49"
                    WC="0.9991032679875692"></String>
          </TextLine>
        </TextBlock>
        <TextBlock HPOS="104"
                   VPOS="352"
                   WIDTH="71"
                   HEIGHT="81"
                   ID="eSc_textblock_97b798d6"
                   TAGREFS="BT10">
          <Shape><Polygon POINTS="104 352 104 433 175 433 175 352"/></Shape>
          <TextLine ID="eSc_line_8a23374e"
                    TAGREFS="LT9"
                    BASELINE="110 412 165 412" 
                    HPOS="109"
                    VPOS="354"
                    WIDTH="55"
                    HEIGHT="75">
            <Shape><Polygon POINTS="109 411 109 425 163 429 164 411 164 354 109 354 109 411"/></Shape>
            <String CONTENT="O"
                    HPOS="109"
                    VPOS="354"
                    WIDTH="55"
                    HEIGHT="75"
                    WC="0.9996713399887085"></String>
          </TextLine>
        </TextBlock>
        <TextBlock HPOS="102"
                   VPOS="974"
                   WIDTH="73"
                   HEIGHT="62"
                   ID="eSc_textblock_89e2961c"
                   TAGREFS="BT10">
          <Shape><Polygon POINTS="102 974 102 1036 175 1036 175 974"/></Shape>
          <TextLine ID="eSc_line_fc8a1808"
                    TAGREFS="LT9"
                    BASELINE="120 1020 156 1022" 
                    HPOS="119"
                    VPOS="968"
                    WIDTH="38"
                    HEIGHT="73">
            <Shape><Polygon POINTS="121 972 120 1020 119 1036 144 1041 145 1041 146 1041 155 1036 156 1022 157 973 130 968 128 970"/></Shape>
            <String CONTENT="A"
                    HPOS="119"
                    VPOS="968"
                    WIDTH="38"
                    HEIGHT="73"
                    WC="0.9742593765258789"></String>
          </TextLine>
        </TextBlock>
      </PrintSpace>
    </Page>
  </Layout>
</alto>
