811 1187
650 65 64 86 83

212 63 327 43 SPIRITVELLES.

94 107 436 50 Que cœur point ne nous faille,

91 149 359 43 A droictement marcher:

93 187 363 47 Que chaſcun vray fidelle

91 226 304 41 Pour la vie eternelle

95 265 327 43 Combatte ſeurement:

93 302 340 49 Car pour telle querelle

91 342 407 48 Dieu tout bon ſ’appareille,

97 383 344 46 Qui donne ſauuement.

91 433 620 51 Le Chreſtien magnifie le nom de Ieſus ſon ſeul ſau

126 479 580 46 ueur, luy priant de luy pardonner ſes pechez, &

128 516 394 46 inuite tous a faire le ſemblable.

102 571 608 49 Sur le chant, Grace & vertu, bonte, &c. Ou

89 612 601 47 ſur, Ie me repens de vous auoir aimee. &c.

149 648 525 51 Race & vertu, bonte, beaute, nobleſſe,

142 687 551 54 Eſt en mon Dieu, point ne le faut celer:

92 729 573 51 Trop me deſplait d’en ouyr mal parler:

92 766 595 53 Ie hays celuy qui ſon honneur luy bleſſe.

129 805 564 53 En mes chanſons ſon nom ie magnifie,

92 847 515 46 Car c’eſt le Fils de Dieu le createur:

91 887 531 46 Et croy qu’il eſt mon ſeul Mediateur,

90 925 495 49 Et aduocat, heureux eſt qui ſ’y fie.

99 963 604 54 Quãd ſon ſainct nõ doucemẽt inuoquoye,

91 1006 579 48 Mes ennemis pour me mettre en eſmoy,

93 1043 549 60 Diſoyent ainſi, Il eſt bien loing de toy,

89 667 61 64 G

552 1085 71 47 F .ii.
