803 1183
110 63 57 45 84

301 57 240 42 CHANSONS

112 100 522 50 Point ne t’y fie: or ainſi ie chantoye.

149 141 488 48 Voyci le temps de ſa miſericorde:

109 181 485 47 Il aura donc de moy compaſſion:

111 221 457 47 I’eſpere auoir de luy remiſſion,

110 260 476 46 Pardon auſſi, verite ſ’y accorde.

146 298 564 49 Mon doux Ieſus, i’ay fait cri lamẽtable

109 339 540 50 De profond cœur a toy, tu le cognois,

111 381 522 43 Il eſt en toy Sire exaucer ma voix:

115 417 475 45 Tu ſeras donc a ton ſerf amiable.

147 458 541 51 Helas Seigneur, ſi obſeruer mes voyes

111 498 488 44 En iugement voulois, & les punir

117 537 531 45 Qui les pourroit porter ne ſouſtenir?

112 572 616 49 De tes doux chãts n’orriõs iamais les ioyes

133 617 582 46 Mais pour autant que tu es tout propice,

112 653 423 47 Enſemble auſſi propiciation,

112 696 494 42 En toy i’ay mis mon expectation:

113 732 497 46 Ne me punis point ſelon ta iuſtice.

151 770 537 48 Fié me ſuis en ton verbe & promeſſe,

112 811 525 46 Car tu es tel, qui ne pourrois mentir:

113 851 515 44 De ceſt eſpoir ne me peux repentir:

115 889 537 46 Et m’y fieray a tout iamais ſans ceſſe.

153 929 511 46 Le Chreſtien ayant la cognoiſſance

109 968 456 48 Du redempteur, & ſa benignite

115 1008 441 46 Iuſqu’a la mort, des ſa natiuite

115 1046 563 60 Doit mettre en luy toute ſon eſperance.
