799 1181
103 55 37 55 86

260 55 250 44 CHANSONS

104 304 43 68 L

97 95 624 53 La purete de la parolle de Dieu nous inuite a obeir

134 135 590 51 a ſon ſainct commandemẽt: afin de iouyr de ſes

134 177 589 52 promeſſes, le priant qu’il nous preſerue de tõber

135 217 457 48 és mains de Satan noſtre aduerſaire.

175 255 478 52 Sur le chant, Il eſtoit vne Fillette.

157 297 336 48 A parolle pure & nette,

162 334 434 50 Ieſus nous en monſtre le cours,

103 375 472 48 De ſuyure tout acte honneſte,

103 411 475 55 Pour iouyr des amiables tours,

104 449 474 54 De Dieu noſtre parfaict ſecours:

104 491 404 51 Sa bonte nous aime, criant,

105 528 472 56 N’ayez plus vos eſprits ſi lourds

106 574 438 46 Croyez mes dits & me priant,

106 612 408 48 Mieux ſerez recompenſez.

108 650 421 48 Cent fois plus que ne penſez:

106 683 467 60 De tout mal grande allegeance,

107 733 324 45 Aurez, & confort:

114 770 400 47 Venez & vous aduancez,

109 810 372 46 A bien faire commencez,

110 849 335 43 Si ne faictes diligence:

116 889 335 47 Vous aurez grand tort.

114 926 513 48 O doux Ieſus meine nous a ce point

119 964 532 48 Et que tu veux traicter ſi doucement,

114 1002 541 51 Donne nous cœur qui ne refuſe point

116 1043 492 55 A obeir au ſainct commandement
