810 1186
651 57 29 57 87

217 57 335 48 SPIRITVELLES.

129 100 473 54 C’eſt bien raiſon qu’on ſ’amende

91 146 478 47 Laiſſant peche qui tant nous nuit:

89 184 469 45 Car c’eſt Dieu qui le commande,

86 221 449 47 En qui tout noſtre ſalut reluit:

89 262 498 47 Sans lequel nuls biens onq n’auons,

90 301 452 46 Sans luy nous ne ſerons ſauuez,

88 337 470 47 C’eſt luy qu’adorer nous deuons,

88 376 443 49 Tous peuples ſcauoir le deuez:

85 416 453 46 Il n’eſt point de ces faux dieux,

88 454 488 51 Qui n’ont puiſſance en nuls lieux:

83 496 463 48 Mais eſt vray Dieu debonnaire,

85 534 268 48 Et noſtre confort:

84 575 439 49 Il n’eſt point Dieu rigoureux,

84 613 331 41 Mais miſericordieux:

88 652 362 50 Voila c’eſt ſon ordinaire,

83 691 297 43 Des bons eſt le fort.

84 726 495 48 O eternel, o treſdoux Ieſus Chriſt,

86 770 528 43 Tu nous as rachetez de damnement,

81 807 473 49 Enrichis nous auſſi de ton eſprit,

81 847 537 50 Et nous faict ſuyure ton mandement.

125 886 382 50 Tu es le vray Dieu celeſte.

88 929 401 44 Qui a noſtre beſoin acours,

86 965 399 45 Pour nous oſter de moleſte

85 1005 516 50 Il ne nous faut que toy pour ſecours

89 1044 370 63 Tu es auſſi noſtre recours

519 1084 93 45 F .iiii.
