811 1182
117 62 76 45 88

303 57 255 43 CHANSONS

110 103 472 46 Pour vaincre l’ennemi bruyant:

107 145 480 46 Plus cruel que nul ſauuage Ours:

108 182 462 47 Combien qu’il ſe monſtre riant,

104 222 437 49 Pour mieux gaigner le proces

108 262 473 49 Contre nous quand trop pouſſez

107 303 384 45 Sommes a vaine plaiſance

106 342 280 47 De peché tant ord,

107 380 402 45 Nous iettant dans les foſſez

107 417 415 47 De malheur tous treſpaſſez:

109 457 373 49 Car du peché recompenſe

107 496 290 45 Eſt eternelle mort:

110 535 456 48 O Ieſus, c’eſt le principal point,

111 577 526 46 Que te prions bien affectueuſement,

110 618 496 44 Que l’ennemi qui tant nous point

109 656 522 46 N’ait pouuoir nous tirer a torment.

106 711 627 55 Exhortation a perſeuerer conſtamment a la predi¬

145 755 275 50 cation de l’Euangile.

131 804 596 52 Sur le chãt: Vray Dieu qu’il vit en malaiſe

166 843 408 50 Ray Dieu qu’il vit a mal aiſe

167 884 379 52 Qui ne vit en Ieſus Chriſt,

110 924 370 48 C’eſt le chemin & la voye

109 964 318 49 Pour aller en paradis.

150 1002 392 49 Reſiouyſſons nous treſtous

110 1039 354 63 Amateurs de l’Euangile:

105 850 68 57 V
