792 1186
683 57 28 51 7

229 47 327 46 SPIRITVELLES.

92 90 538 52 Par ſon ſeul Fils en ſeras cognoiſſant,

94 130 543 51 Qui eſt le Chriſt ton aduocat fidelle,

92 173 526 48 De tout ton cœur & force l’aymeras

94 208 530 54 Et à luy ſeul tout honneur donneras:

99 252 216 43 Car il domine

99 291 198 41 Par ſa diuine

99 328 266 47 Puiſſance inſigne,

100 366 443 47 Et ſur la terre & ſur les cieux:

99 409 283 46 Mais trop fretigne

102 448 255 46 La gent maligne

103 482 288 50 Quand elle encline

101 524 494 49 Son cœur a chercher autres dieux.

227 581 386 48 Le deuſieme Commandement.

147 630 513 53 Tu ne feras aucun pourtraict tailler

108 676 497 48 De ce qui eſt au ciel ou en la terre.

106 714 616 50 Garde toy bien quelque hõneur luy bailler,

108 755 597 48 Qui faict cela trop meſchamment il erre:

110 795 522 49 Car Dieu ialoux l’image confondra,

110 833 475 52 Et le tailleur, & qui ſ'y attendra.

109 873 261 49 Fuis donq l’idolle

114 915 276 46 Que ta main dole,

115 953 236 45 Vaine & friuole

114 992 506 50 Car il n’eſt rien, mais Dieu eſt tout,

113 1033 420 64 Qui te conſole par ſa parolle

547 1066 98 52 A .iiii.
