802 1188
673 58 22 82 89

206 64 331 44 SPIRITVELLES.

93 106 419 52 En enſuyuant noſtre eſpoux,

95 149 339 48 Car cela nous eſt vtile:

94 186 422 50 En preſchant de ville en ville

96 229 366 45 Sa parolle & ſon renom,

99 267 435 45 Sans prendre ne croix ne pille,

99 306 394 44 Car l’auons receu par don.

141 343 430 49 Vray Dieu qu’il vit a mal, &c.

96 382 377 47 Deuons nous laiſſer perir

96 422 535 49 Ce grand bien que Dieu nous donne?

95 462 380 45 Nous le deuons recueillir,

95 502 435 48 Puis qu’il le nous abandonne,

95 541 422 49 En mettant noſtre perſonne,

94 582 416 45 Noſtre vie, & corps, & biens:

95 621 380 42 Ainſi on verra en ſomme,

96 656 493 51 Qui ſont les meilleurs Chreſtiens.

138 696 427 51 Vray Dieu qu’il vit a mal, &c.

98 739 410 44 Nous voyons de tous coſtez

97 776 396 47 La moiſſon eſtre ſi grande:

99 816 410 49 Soyons donc tous appreſtez

99 852 465 47 Faiſans d’vn bon cœur offrande:

99 892 440 47 Entre nous de Chriſt la bande

102 933 406 48 Trauaillons a toutes mains,

100 974 404 47 Le Seigneur ainſi le mande,

102 1015 395 46 Les ſignes en ſont certains.

149 1052 336 58 Vray Dieu qu’il vit, &c.
