799 1186
690 61 25 44 91

251 57 336 50 SPIRITVELLES.

103 303 52 72 O

98 103 463 51 Au royaume de la ſus. Vray. &c.

98 139 625 56 L’eſpoir que les Chreſtiens ont en la bonte de Dieu,

135 181 588 50 leur engendre vne tranquillite d’eſprit, & leur

135 221 456 49 faict chanter Cantiques de louange.

104 259 621 50 Sur le chant: Or chantez chantez Fillettes.

156 299 406 49 R chantez chantez Fidelles,

154 338 404 48 Ne ceſſez point de chanter,

103 374 415 53 Las ſainctes louanges belles

103 416 337 50 De voſtre pere eternel.

139 457 497 47 Pour les cruels maux que ordonne

103 494 394 49 Ce faux damné Antechriſt:

104 536 388 46 Ne nions deuant perſonne

104 573 416 49 Noſtre ſauueur Ieſus Chriſt.

145 614 442 47 Car c’eſt celuy qui nous garde,

104 652 428 48 Par ſon pouuoir haut & ſeur:

105 693 388 46 De nous eſt la ſauuegarde,

102 730 302 49 Et fidelle deffenſeur.

142 770 372 50 Ayons donc en luy fiance,

104 808 351 49 Eſperance & ferme foy:

104 850 416 45 Et nous verrons l’excellence

106 886 420 50 Du treſhaut & puiſſant Roy,

146 928 376 50 Sans luy la gloire du Pere

108 966 369 50 Ne peut auoir nullement

106 1005 414 51 Homme qui ſoit ſur la terre,

108 1046 354 61 Ne faire ſon ſauuement.
