803 1182
105 69 20 45 92

264 57 240 48 CHANSONS

117 101 344 53 Ieſus dit en l’Euangile,

79 142 290 49 Ie ſuis vie & verite:

78 182 353 49 Le droit chemin & vtile

79 223 285 48 Pour auoir felicite.

115 263 403 48 Nul ne peut auec mon pere,

85 303 400 48 (Dict Ieſus) és cieux regner,

83 342 403 48 Si ſon vouloir n’obtempere

82 379 456 51 A Dieu ſans point ſ’eſpargner.

124 420 422 48 Venez donc heureux fidelles,

83 456 371 52 A moy (dit le doux Ieſus)

81 498 363 49 Et ne me ſoyez rebelles,

82 537 412 44 Car mener vous veux là ſus.

118 575 363 48 Ie ſuis la vraye lumiere,

84 615 441 50 Qui conduit tous les parfaits,

84 654 320 49 La remiſſion pleniere

84 691 423 49 Donnant a tous les malfaits.

126 732 370 48 Or puis qu’vne telle ioye

85 772 420 48 Me preſente mon vray Dieu:

90 813 379 47 Tenir ne veux autre voye,

91 851 321 48 Ny aller en autre lieu.

128 887 433 51 Mais tant que i’auray aiſance,

88 931 348 44 Ne ceſſeray en nul lieu:

90 969 372 42 De chanter a l’excellence,

90 1009 427 52 Du treſhaut & puiſſant Dieu.
