802 1186
669 65 50 60 93

175 60 341 50 SPIRITVELLES.

92 303 35 62 I

104 106 609 52 Comment par le ſang de Ieſus Chriſt, nous ſom¬

138 152 179 46 mes raſſaſiez

131 195 587 57 Sur le chant: Iehan le ſot encore plus ſot

99 241 407 48 I’on vous apprendra a ſeruir

127 297 415 51 L nous faut louer noſtre Roy,

119 339 337 51 Et magnifier par la foy

95 379 221 44 Le doux Ieſus.

98 419 495 48 O doux Ieſus peché nous a deceus,

105 461 310 45 Venez nous ſecourir:

132 500 515 45 Nous n’eſtions tous rien qu’ordure:

94 538 505 48 Par ſa mort nous a tous deſpeſchez

94 573 624 53 Le doux Ieſus, O doux Ieſus. &c.

134 615 466 45 Et il ſ’eſt faict noſtre Emanuel,

94 655 517 49 Et comme nous, ſenſible & mortel,

92 693 627 54 Le doux Ieſus. O doux Ieſus. &c.

133 734 486 48 Et la vierge l’a ſans peché conceu,

93 774 522 50 Mais le monde l’a pourement receu

94 812 621 50 Le doux Ieſus. O doux Ieſus. &c.

134 854 468 48 Il a bien payé pour nous rançon,

98 892 508 50 Quand il a ſouffert mort & paſſion

94 929 627 52 Le doux Ieſus. O doux Ieſus. &c.

137 971 572 48 Vn morceau de põme nous auoit liurez

96 1012 501 49 A la mort, mais il nous a deliurez:

93 1050 627 56 Le doux leſus. O doux Ieſus. &c.
