<?xml version="1.0" encoding="UTF-8"?>
<alto xmlns:xsi="http://www.w3.org/2001/XMLSchema-instance"
      xmlns="http://www.loc.gov/standards/alto/ns-v4#"
      xsi:schemaLocation="http://www.loc.gov/standards/alto/ns-v4# http://www.loc.gov/standards/alto/v4/alto-4-2.xsd">
  <Description>
    <MeasurementUnit>pixel</MeasurementUnit>
    <sourceImageInformation>
      <fileName>95_80050_default.jpg</fileName>
      <fileIdentifier>https://iiif.onb.ac.at/images/ABO/Z167383706/00000096/full/full/0/default.jpg</fileIdentifier>
    </sourceImageInformation>
  </Description>
  <Tags>
    <OtherTag ID="BT7" LABEL="CustomZone" DESCRIPTION="block type CustomZone"/><OtherTag ID="BT8" LABEL="DamageZone" DESCRIPTION="block type DamageZone"/><OtherTag ID="BT9" LABEL="DigitizationArtefactZone" DESCRIPTION="block type DigitizationArtefactZone"/><OtherTag ID="BT10" LABEL="DropCapitalZone" DESCRIPTION="block type DropCapitalZone"/><OtherTag ID="BT11" LABEL="GraphicZone" DESCRIPTION="block type GraphicZone"/><OtherTag ID="BT12" LABEL="MainZone" DESCRIPTION="block type MainZone"/><OtherTag ID="BT13" LABEL="MarginTextZone" DESCRIPTION="block type MarginTextZone"/><OtherTag ID="BT14" LABEL="MusicZone" DESCRIPTION="block type MusicZone"/><OtherTag ID="BT15" LABEL="NumberingZone" DESCRIPTION="block type NumberingZone"/><OtherTag ID="BT17" LABEL="QuireMarksZone" DESCRIPTION="block type QuireMarksZone"/><OtherTag ID="BT18" LABEL="RunningTitleZone" DESCRIPTION="block type RunningTitleZone"/><OtherTag ID="BT19" LABEL="SealZone" DESCRIPTION="block type SealZone"/><OtherTag ID="BT20" LABEL="StampZone" DESCRIPTION="block type StampZone"/><OtherTag ID="BT21" LABEL="TableZone" DESCRIPTION="block type TableZone"/><OtherTag ID="BT22" LABEL="TitlePageZone" DESCRIPTION="block type TitlePageZone"/>
    <OtherTag ID="LT7" LABEL="CustomLine" DESCRIPTION="line type CustomLine"/><OtherTag ID="LT8" LABEL="DefaultLine" DESCRIPTION="line type DefaultLine"/><OtherTag ID="LT9" LABEL="DropCapitalLine" DESCRIPTION="line type DropCapitalLine"/><OtherTag ID="LT10" LABEL="HeadingLine" DESCRIPTION="line type HeadingLine"/><OtherTag ID="LT11" LABEL="InterlinearLine" DESCRIPTION="line type InterlinearLine"/><OtherTag ID="LT12" LABEL="MusicLine" DESCRIPTION="line type MusicLine"/><OtherTag ID="LT1205" LABEL="default" DESCRIPTION="line type default"/>
  </Tags>
  <Layout>
    <Page WIDTH="802"
          HEIGHT="1185"
          PHYSICAL_IMG_NR="95"
          ID="eSc_dummypage_">
      <PrintSpace HPOS="0"
                  VPOS="0"
                  WIDTH="802"
                  HEIGHT="1185">
        <TextBlock HPOS="71"
                   VPOS="65"
                   WIDTH="62"
                   HEIGHT="54"
                   ID="eSc_textblock_dd15d63c"
                   TAGREFS="BT15">
          <Shape><Polygon POINTS="71 65 71 119 133 119 133 65"/></Shape>
          <TextLine ID="eSc_line_8dd04018"
                    TAGREFS="LT8"
                    BASELINE="84 100 121 102" 
                    HPOS="83"
                    VPOS="73"
                    WIDTH="38"
                    HEIGHT="42">
            <Shape><Polygon POINTS="85 113 121 115 121 102 118 73 107 73 106 73 105 73 98 79 83 79 85 104"/></Shape>
            <String CONTENT="94"
                    HPOS="83"
                    VPOS="73"
                    WIDTH="38"
                    HEIGHT="42"
                    ></String>
          </TextLine>
        </TextBlock>
        <TextBlock HPOS="229"
                   VPOS="56"
                   WIDTH="283"
                   HEIGHT="55"
                   ID="eSc_textblock_7c64cd63"
                   TAGREFS="BT18">
          <Shape><Polygon POINTS="229 56 230 111 512 105 512 56"/></Shape>
          <TextLine ID="eSc_line_bda40e0b"
                    TAGREFS="LT10"
                    BASELINE="249 97 489 95" 
                    HPOS="248"
                    VPOS="65"
                    WIDTH="241"
                    HEIGHT="44">
            <Shape><Polygon POINTS="459 65 453 65 446 65 439 65 435 68 431 65 430 65 429 65 406 69 402 65 401 65 400 65 393 65 387 65 382 65 381 65 380 65 374 71 347 65 346 65 345 65 339 71 294 71 279 65 278 65 248 68 249 97 249 104 289 109 290 109 305 109 306 109 306 108 310 105 323 109 324 109 325 109 364 104 384 108 385 108 393 104 412 107 413 107 489 105 489 95 489 71 468 65 466 65"/></Shape>
            <String CONTENT="CHANSONS"
                    HPOS="248"
                    VPOS="65"
                    WIDTH="241"
                    HEIGHT="44"
                    WC="0.9991776198148727"></String>
          </TextLine>
        </TextBlock>
        <TextBlock HPOS="47"
                   VPOS="103"
                   WIDTH="661"
                   HEIGHT="959"
                   ID="eSc_textblock_ec7f3a48"
                   TAGREFS="BT12">
          <Shape><Polygon POINTS="56 114 47 1062 708 1062 698 103"/></Shape>
          <TextLine ID="eSc_line_aa16e87d"
                    TAGREFS="LT8"
                    BASELINE="109 144 328 140 624 142" 
                    HPOS="109"
                    VPOS="106"
                    WIDTH="515"
                    HEIGHT="48">
            <Shape><Polygon POINTS="603 110 596 109 589 109 583 108 578 107 575 110 548 107 547 107 547 107 546 107 541 111 530 106 530 106 529 106 476 109 466 106 466 106 465 106 464 106 464 106 454 112 447 107 447 107 446 107 445 107 445 107 444 107 437 113 417 113 404 106 403 106 375 106 374 106 374 106 356 113 337 106 336 106 335 106 335 106 334 106 325 113 283 113 269 106 269 106 268 106 267 106 254 113 223 113 201 106 200 106 200 106 199 106 183 113 152 113 138 106 138 106 124 106 123 106 123 106 109 113 109 144 109 149 144 149 148 152 149 152 150 152 150 152 151 152 158 149 177 154 177 154 178 154 179 154 179 154 185 150 198 152 198 152 199 152 215 148 220 151 221 151 221 151 222 151 246 149 259 154 260 154 260 154 261 154 271 148 277 153 278 153 279 153 279 153 280 153 295 148 303 151 304 151 304 151 347 148 365 152 366 152 366 152 390 148 429 154 429 154 430 154 445 149 459 154 460 154 460 154 461 154 470 149 477 152 478 152 478 152 479 152 494 148 533 148 543 154 544 154 545 154 545 154 623 153 624 142 623 113 612 113 609 110 603 110"/></Shape>
            <String CONTENT="Il ne faut donc tomber en deſeſpoir:"
                    HPOS="109"
                    VPOS="106"
                    WIDTH="515"
                    HEIGHT="48"
                    WC="0.976314612560802"></String>
          </TextLine>
          <TextLine ID="eSc_line_964f5a5b"
                    TAGREFS="LT8"
                    BASELINE="75 183 557 178" 
                    HPOS="75"
                    VPOS="146"
                    WIDTH="482"
                    HEIGHT="49">
            <Shape><Polygon POINTS="75 183 75 190 120 195 121 195 121 195 136 189 152 189 160 194 160 194 161 194 161 194 162 194 163 194 169 189 187 192 187 192 188 192 196 188 210 192 211 192 212 192 245 188 260 194 260 194 261 194 307 190 375 193 376 193 377 193 396 188 421 192 422 192 422 192 437 186 447 190 447 190 448 190 449 190 465 186 495 192 496 192 557 184 557 178 556 154 530 146 530 146 529 146 528 146 505 154 496 147 495 147 495 147 485 147 484 147 483 147 468 154 447 152 446 152 445 152 434 155 414 148 413 148 412 148 412 148 388 155 374 155 366 148 366 148 365 148 337 148 336 148 335 148 312 157 261 157 256 153 255 153 254 153 254 153 236 157 217 150 217 150 194 150 194 150 193 150 171 157 161 150 161 150 160 150 148 150 147 150 146 150 146 150 133 158 92 151 91 151 90 151 75 158 75 183"/></Shape>
            <String CONTENT="Car il eſt la vie, auſſi noſtre eſpoir"
                    HPOS="75"
                    VPOS="146"
                    WIDTH="482"
                    HEIGHT="49"
                    WC="0.9721755730478387"></String>
          </TextLine>
          <TextLine ID="eSc_line_d5ab1268"
                    TAGREFS="LT8"
                    BASELINE="70 223 687 219" 
                    HPOS="68"
                    VPOS="183"
                    WIDTH="618"
                    HEIGHT="58">
            <Shape><Polygon POINTS="69 222 69 232 73 235 111 230 121 236 154 229 186 236 199 231 222 241 260 240 291 227 302 232 341 227 359 233 377 226 429 226 438 232 465 226 471 232 502 230 514 239 657 238 686 223 686 218 685 194 654 183 621 193 606 183 572 191 557 184 546 190 535 186 517 195 494 195 482 184 467 189 427 184 409 195 376 195 270 186 255 191 246 185 170 192 158 188 153 193 142 186 114 186 102 196 80 188 68 191 69 222"/></Shape>
            <String CONTENT="Le doux Ieſus. O doux Ieſus, &amp;c."
                    HPOS="68"
                    VPOS="183"
                    WIDTH="618"
                    HEIGHT="58"
                    ></String>
          </TextLine>
          <TextLine ID="eSc_line_21b18e9d"
                    TAGREFS="LT8"
                    BASELINE="107 260 458 258 599 260" 
                    HPOS="107"
                    VPOS="228"
                    WIDTH="492"
                    HEIGHT="48">
            <Shape><Polygon POINTS="107 260 107 267 136 271 137 271 138 271 147 267 165 270 166 270 167 270 173 267 190 270 191 270 235 267 244 271 245 271 246 271 246 271 247 271 252 267 283 275 283 275 284 275 285 275 300 268 334 276 335 276 335 276 336 276 347 269 367 268 376 275 377 275 377 275 378 276 397 276 397 275 398 275 399 275 414 266 426 270 427 270 427 270 460 266 469 272 470 272 470 272 471 272 472 272 482 267 510 267 532 275 533 275 534 275 599 275 599 260 599 236 564 233 564 233 563 233 562 233 562 233 559 237 525 237 512 228 511 228 510 228 459 228 458 228 458 228 457 228 447 236 394 233 393 233 338 235 328 229 327 229 327 229 275 229 275 229 274 229 258 237 216 233 215 233 200 237 189 230 188 230 188 230 187 230 187 230 186 230 183 233 179 229 178 229 177 229 161 229 161 229 160 229 160 229 146 237 126 229 125 229 125 229 124 229 107 236 107 260"/></Shape>
            <String CONTENT="Et il a monſtré par grande charite,"
                    HPOS="107"
                    VPOS="228"
                    WIDTH="492"
                    HEIGHT="48"
                    WC="0.9842748675081465"></String>
          </TextLine>
          <TextLine ID="eSc_line_e0ddb187"
                    TAGREFS="LT8"
                    BASELINE="78 298 533 298" 
                    HPOS="77"
                    VPOS="267"
                    WIDTH="456"
                    HEIGHT="45">
            <Shape><Polygon POINTS="78 298 78 308 126 312 127 312 127 312 128 312 134 306 150 310 150 310 151 310 152 310 155 306 175 312 175 312 176 312 177 312 196 306 216 306 221 311 221 311 222 311 223 311 223 311 224 311 231 306 237 310 238 310 239 310 239 310 240 310 255 306 277 310 277 310 296 306 314 312 314 312 315 312 339 312 339 312 340 312 352 307 364 310 364 310 365 310 366 310 379 306 396 310 397 310 435 306 454 312 454 312 455 312 491 307 495 310 496 310 497 310 497 310 498 310 510 306 518 312 518 312 519 312 520 312 520 312 533 305 533 298 531 274 429 276 403 267 402 267 402 267 401 267 401 267 391 276 370 271 370 271 369 271 368 271 368 272 363 277 306 277 287 271 287 271 286 271 285 271 273 274 260 267 260 267 218 267 217 267 217 267 208 271 203 267 202 267 202 267 183 267 182 267 181 267 181 267 171 274 163 267 162 267 161 267 125 267 124 267 123 267 109 274 100 267 99 267 98 267 98 267 77 268 78 298"/></Shape>
            <String CONTENT="Qu’il eſtoit la voye &amp; la verite,"
                    HPOS="77"
                    VPOS="267"
                    WIDTH="456"
                    HEIGHT="45"
                    WC="0.9912380810939905"></String>
          </TextLine>
          <TextLine ID="eSc_line_b50b21d9"
                    TAGREFS="LT8"
                    BASELINE="71 341 687 336" 
                    HPOS="69"
                    VPOS="297"
                    WIDTH="617"
                    HEIGHT="56">
            <Shape><Polygon POINTS="70 340 70 347 79 353 109 346 175 352 196 345 218 352 229 347 291 352 298 344 426 344 434 351 490 345 499 351 554 351 563 345 567 349 686 348 683 297 624 302 617 297 560 297 524 307 475 301 463 307 447 300 432 306 421 301 389 305 375 299 313 309 277 304 252 309 240 303 214 309 206 302 201 302 193 309 167 304 148 310 135 301 130 301 120 311 98 311 69 302 70 340"/></Shape>
            <String CONTENT="Le doux Ieſus. .i O doux Ieſus, &amp;c."
                    HPOS="69"
                    VPOS="297"
                    WIDTH="617"
                    HEIGHT="56"
                    WC="0.9650907788957869"></String>
          </TextLine>
          <TextLine ID="eSc_line_ed4a9542"
                    TAGREFS="LT8"
                    BASELINE="109 379 564 376" 
                    HPOS="108"
                    VPOS="343"
                    WIDTH="456"
                    HEIGHT="48">
            <Shape><Polygon POINTS="109 379 110 391 115 387 134 387 154 387 161 391 162 391 163 391 163 391 164 391 177 387 200 387 206 391 207 391 208 391 208 391 269 386 285 390 285 390 286 391 319 391 319 390 320 390 320 390 324 387 350 389 351 389 352 389 352 389 358 386 364 389 364 389 365 389 366 389 377 385 429 385 436 389 437 389 437 389 456 385 472 389 472 389 473 389 487 385 522 389 523 389 524 389 524 389 530 385 563 387 564 376 562 347 548 350 539 343 539 343 538 343 537 343 537 343 526 348 520 343 519 343 518 343 518 343 495 346 480 343 480 343 479 343 451 350 437 346 437 346 436 346 435 346 435 346 428 351 382 351 364 344 364 344 336 344 335 344 312 344 312 344 294 352 219 352 192 345 192 345 191 345 190 345 175 352 164 345 163 345 163 345 123 345 123 345 122 345 108 350 109 379"/></Shape>
            <String CONTENT="Si le ſuyuons, il nous conduira,"
                    HPOS="108"
                    VPOS="343"
                    WIDTH="456"
                    HEIGHT="48"
                    WC="0.9792787600308657"></String>
          </TextLine>
          <TextLine ID="eSc_line_70bc5063"
                    TAGREFS="LT8"
                    BASELINE="69 418 566 414" 
                    HPOS="69"
                    VPOS="382"
                    WIDTH="497"
                    HEIGHT="48">
            <Shape><Polygon POINTS="69 418 69 426 161 430 161 430 162 430 177 426 182 429 183 429 183 429 184 429 185 429 194 426 224 429 225 429 225 429 242 425 278 425 288 429 289 429 289 429 308 425 318 429 318 429 319 429 359 429 359 429 454 424 464 428 465 428 466 428 491 423 516 427 516 427 544 423 558 427 559 427 559 427 560 427 561 427 566 423 566 414 564 392 533 392 514 382 513 382 512 382 512 382 499 387 485 382 484 382 483 382 483 382 462 393 432 393 409 387 408 387 408 387 407 387 393 391 379 387 378 387 377 387 377 387 365 393 344 384 343 384 343 384 342 384 314 393 298 389 297 389 296 389 287 391 277 383 277 383 276 383 266 383 266 383 265 383 246 388 231 384 230 384 229 384 229 384 228 384 217 393 194 393 183 389 182 389 181 389 181 389 169 395 150 395 131 385 131 385 130 385 129 385 111 392 98 385 97 385 69 385 69 418"/></Shape>
            <String CONTENT="Et ſi nous faillons, il nous reduira,"
                    HPOS="69"
                    VPOS="382"
                    WIDTH="497"
                    HEIGHT="48"
                    WC="0.9832269146635726"></String>
          </TextLine>
          <TextLine ID="eSc_line_be96455d"
                    TAGREFS="LT8"
                    BASELINE="71 457 695 458" 
                    HPOS="69"
                    VPOS="417"
                    WIDTH="624"
                    HEIGHT="52">
            <Shape><Polygon POINTS="70 456 69 464 254 468 289 462 433 462 445 469 495 469 505 462 515 467 544 462 553 469 638 469 693 461 693 417 613 422 608 417 561 417 536 425 457 417 420 417 407 424 386 420 380 425 365 419 316 425 236 420 219 425 201 420 187 425 70 425 70 456"/></Shape>
            <String CONTENT="Le doux Ieſus..l ; O doux Ieſus, &amp;c."
                    HPOS="69"
                    VPOS="417"
                    WIDTH="624"
                    HEIGHT="52"
                    WC="0.9814582814772924"></String>
          </TextLine>
          <TextLine ID="eSc_line_f1dd5368"
                    TAGREFS="LT8"
                    BASELINE="111 495 601 492" 
                    HPOS="110"
                    VPOS="458"
                    WIDTH="491"
                    HEIGHT="50">
            <Shape><Polygon POINTS="111 495 111 503 152 508 153 508 223 502 236 508 237 508 237 508 237 508 238 508 250 502 257 507 258 507 258 507 259 507 279 504 294 508 295 508 296 508 337 502 368 502 374 507 374 507 375 507 375 507 394 504 426 506 426 506 427 506 427 506 434 502 439 506 440 506 441 506 441 507 498 507 498 506 499 506 499 506 507 500 556 500 567 506 568 506 568 506 601 506 601 492 599 462 559 466 547 458 547 458 546 458 525 458 524 458 524 458 506 466 453 467 431 459 430 459 414 459 414 459 413 459 397 468 383 460 383 460 382 460 325 460 324 460 323 460 314 465 308 460 307 460 306 460 306 460 292 460 291 460 291 460 281 468 265 463 264 463 264 463 263 463 251 468 110 466 111 495"/></Shape>
            <String CONTENT="Vous qui de ſoif allez languiſſant,"
                    HPOS="110"
                    VPOS="458"
                    WIDTH="491"
                    HEIGHT="50"
                    WC="0.9911044921193805"></String>
          </TextLine>
          <TextLine ID="eSc_line_c6aaeb4f"
                    TAGREFS="LT8"
                    BASELINE="71 534 609 531" 
                    HPOS="71"
                    VPOS="500"
                    WIDTH="538"
                    HEIGHT="48">
            <Shape><Polygon POINTS="71 534 72 548 86 543 158 547 158 547 159 547 173 542 204 545 204 545 205 545 206 545 210 541 339 547 339 547 379 541 395 546 395 546 396 547 435 547 435 546 436 546 451 541 466 545 466 545 467 545 493 540 561 540 566 543 566 543 567 543 568 543 568 543 581 540 597 544 598 544 599 544 599 544 609 539 609 531 607 508 584 504 583 504 582 504 574 507 560 500 559 500 503 500 502 500 472 506 440 502 439 502 401 508 371 505 370 505 345 508 335 503 335 503 334 503 314 508 300 502 299 502 298 502 298 502 273 509 241 502 240 502 240 502 226 510 204 510 187 510 176 502 175 502 175 502 174 502 125 509 113 509 104 502 103 502 102 502 102 502 71 506 71 534"/></Shape>
            <String CONTENT="Voyci la fontaine pour tous ſuffiſant,"
                    HPOS="71"
                    VPOS="500"
                    WIDTH="538"
                    HEIGHT="48"
                    WC="0.9849464281609184"></String>
          </TextLine>
          <TextLine ID="eSc_line_e196f092"
                    TAGREFS="LT8"
                    BASELINE="70 576 695 579" 
                    HPOS="69"
                    VPOS="536"
                    WIDTH="624"
                    HEIGHT="48">
            <Shape><Polygon POINTS="69 575 69 584 693 582 693 537 623 537 602 544 594 537 559 542 540 538 505 545 495 537 459 536 451 542 423 542 411 553 284 553 270 545 256 548 244 537 200 537 176 546 131 538 116 550 103 541 69 539 69 575"/></Shape>
            <String CONTENT="Le doux Ieſus. O doux Ieſus, &amp;c."
                    HPOS="69"
                    VPOS="536"
                    WIDTH="624"
                    HEIGHT="48"
                    WC="0.9979158602654934"></String>
          </TextLine>
          <TextLine ID="eSc_line_13d0532f"
                    TAGREFS="LT8"
                    BASELINE="103 613 592 610" 
                    HPOS="102"
                    VPOS="576"
                    WIDTH="490"
                    HEIGHT="49">
            <Shape><Polygon POINTS="103 613 103 620 133 625 133 625 162 620 202 622 203 622 229 619 235 622 236 622 237 622 287 619 301 624 302 624 302 624 303 624 324 618 358 622 359 622 389 619 394 623 395 623 395 623 396 624 422 624 422 623 422 623 423 623 429 618 435 623 436 623 437 623 437 623 520 617 530 621 530 621 531 621 532 621 542 618 591 620 592 610 591 584 567 577 566 577 566 577 547 580 543 576 542 576 541 576 541 576 493 585 424 585 417 580 416 580 416 580 415 580 395 584 382 578 381 578 381 578 380 578 379 578 367 585 345 585 331 578 331 578 330 578 329 578 312 583 299 578 298 578 298 578 247 585 234 578 233 578 204 578 204 578 203 578 202 578 197 583 189 580 188 580 188 580 187 580 187 580 179 584 146 583 140 579 139 579 138 579 138 579 102 580 103 613"/></Shape>
            <String CONTENT="Ne couſte rien a celuy qui en boit"
                    HPOS="102"
                    VPOS="576"
                    WIDTH="490"
                    HEIGHT="49"
                    WC="0.9632121201823739"></String>
          </TextLine>
          <TextLine ID="eSc_line_323c09f1"
                    TAGREFS="LT8"
                    BASELINE="67 653 499 651" 
                    HPOS="66"
                    VPOS="616"
                    WIDTH="433"
                    HEIGHT="48">
            <Shape><Polygon POINTS="67 653 67 660 124 664 125 664 125 664 135 660 161 663 162 663 163 663 175 659 198 662 199 662 250 659 281 663 282 663 283 663 299 658 308 662 308 662 309 662 335 659 341 662 342 662 343 662 343 662 351 659 364 662 364 662 365 662 408 658 427 662 428 662 429 662 440 658 459 662 460 662 499 658 499 651 498 618 465 616 464 616 464 616 463 616 454 624 444 624 435 616 435 616 434 616 433 616 433 616 418 624 405 624 391 617 391 617 390 617 389 617 389 617 381 622 360 617 360 617 318 617 318 617 317 617 316 617 316 618 310 623 281 624 260 618 259 618 258 618 258 618 257 618 250 624 210 621 210 621 209 621 208 621 204 624 197 618 197 618 196 618 196 618 183 618 182 618 181 618 155 626 105 626 98 619 98 618 97 618 96 618 96 618 66 619 67 653"/></Shape>
            <String CONTENT="Eternellement raſſaſie la ſoif,"
                    HPOS="66"
                    VPOS="616"
                    WIDTH="433"
                    HEIGHT="48"
                    WC="0.9721450536481796"></String>
          </TextLine>
          <TextLine ID="eSc_line_8c5cd029"
                    TAGREFS="LT8"
                    BASELINE="67 690 686 687" 
                    HPOS="65"
                    VPOS="652"
                    WIDTH="620"
                    HEIGHT="51">
            <Shape><Polygon POINTS="66 689 66 696 194 703 273 701 282 696 425 696 440 702 498 701 505 696 684 700 685 686 684 664 672 656 655 659 641 653 615 662 605 653 541 652 525 663 507 654 472 656 466 661 452 653 423 659 415 655 394 666 314 666 301 653 270 661 203 654 185 666 166 656 153 662 135 654 107 663 83 654 65 660 66 689"/></Shape>
            <String CONTENT="Le doux Ieſus. O doux Ieſus. &amp;c."
                    HPOS="65"
                    VPOS="652"
                    WIDTH="620"
                    HEIGHT="51"
                    WC="0.9499349482357502"></String>
          </TextLine>
          <TextLine ID="eSc_line_41f71e77"
                    TAGREFS="LT8"
                    BASELINE="68 730 555 728" 
                    HPOS="67"
                    VPOS="694"
                    WIDTH="488"
                    HEIGHT="50">
            <Shape><Polygon POINTS="68 730 68 738 122 738 150 743 150 743 151 743 152 743 158 738 165 743 165 743 166 743 167 744 189 744 189 743 229 737 239 741 240 741 240 741 266 737 291 743 291 743 292 743 312 737 402 742 403 742 433 736 472 736 489 741 489 741 490 741 491 741 507 736 515 741 516 741 516 741 517 742 543 742 543 741 544 741 555 736 555 728 554 702 533 694 532 694 532 694 490 695 489 695 489 695 481 702 427 702 410 699 409 699 408 699 401 703 360 703 323 695 322 695 321 695 306 703 275 701 266 695 266 695 265 695 264 695 229 699 189 695 188 695 162 696 161 696 161 696 150 703 137 696 136 696 90 696 90 696 89 696 67 704 68 730"/></Shape>
            <String CONTENT="Celuy qui eſt las &amp; trop trauaillé,"
                    HPOS="67"
                    VPOS="694"
                    WIDTH="488"
                    HEIGHT="50"
                    WC="0.9730468110905753"></String>
          </TextLine>
          <TextLine ID="eSc_line_755b0700"
                    TAGREFS="LT8"
                    BASELINE="69 770 588 765" 
                    HPOS="68"
                    VPOS="732"
                    WIDTH="520"
                    HEIGHT="52">
            <Shape><Polygon POINTS="69 770 69 777 101 782 102 782 102 782 103 782 109 778 116 783 117 783 117 783 118 783 119 783 119 783 129 778 148 778 157 784 158 784 158 784 159 784 239 776 272 781 273 781 303 776 320 780 320 780 438 782 439 782 474 774 485 780 485 780 486 780 505 778 512 781 512 781 513 781 588 772 588 765 586 732 549 732 549 732 548 732 535 739 501 733 501 733 500 733 499 733 487 743 439 743 414 738 413 738 412 738 397 743 368 734 368 734 367 734 366 734 331 744 321 741 320 741 320 741 296 743 283 736 283 736 282 736 281 736 281 736 276 739 264 736 263 736 262 736 262 736 252 740 216 735 215 735 194 739 193 739 192 739 184 745 147 742 146 742 118 746 104 736 104 736 103 736 102 736 68 736 69 770"/></Shape>
            <String CONTENT="Trouuera ſoulas au ſang qu’a baillé"
                    HPOS="68"
                    VPOS="732"
                    WIDTH="520"
                    HEIGHT="52"
                    WC="0.9867085797919167"></String>
          </TextLine>
          <TextLine ID="eSc_line_a6339289"
                    TAGREFS="LT8"
                    BASELINE="67 810 695 808" 
                    HPOS="65"
                    VPOS="771"
                    WIDTH="629"
                    HEIGHT="51">
            <Shape><Polygon POINTS="66 809 66 819 165 822 210 816 271 822 286 815 365 819 416 814 428 822 475 822 519 814 566 822 663 822 693 815 694 807 692 775 575 771 567 777 514 777 509 771 461 771 454 777 304 777 283 772 218 777 182 772 157 777 151 772 106 772 65 778 66 809"/></Shape>
            <String CONTENT="Le doux Ieſus.-O doux Ieſus, &amp;c."
                    HPOS="65"
                    VPOS="771"
                    WIDTH="629"
                    HEIGHT="51"
                    WC="0.9713008441030979"></String>
          </TextLine>
          <TextLine ID="eSc_line_a8c30789"
                    TAGREFS="LT8"
                    BASELINE="96 847 553 846" 
                    HPOS="96"
                    VPOS="813"
                    WIDTH="457"
                    HEIGHT="48">
            <Shape><Polygon POINTS="96 847 96 856 142 861 143 861 144 861 154 857 160 861 161 861 161 861 162 861 182 858 220 861 221 861 221 861 232 856 244 856 250 861 250 861 251 861 252 861 252 861 253 861 266 856 306 861 307 861 335 855 354 855 362 861 362 861 363 861 364 861 381 861 381 861 381 861 390 856 401 861 402 861 402 861 403 861 414 855 446 861 447 861 447 861 448 861 453 857 466 859 466 859 467 859 475 856 481 860 481 860 482 860 483 861 552 861 553 846 552 820 536 813 535 813 511 813 510 813 510 813 494 820 466 816 466 816 465 816 464 816 459 820 418 820 413 816 412 816 412 816 411 816 378 820 372 816 372 816 371 816 370 816 370 816 356 820 327 813 327 813 326 813 307 816 285 813 285 813 242 820 220 813 219 813 176 813 175 813 175 813 156 818 138 813 137 813 136 813 96 816 96 847"/></Shape>
            <String CONTENT="Eſt né pour nous &amp; mort auſſi,"
                    HPOS="96"
                    VPOS="813"
                    WIDTH="457"
                    HEIGHT="48"
                    WC="0.963299608999683"></String>
          </TextLine>
          <TextLine ID="eSc_line_27c845f1"
                    TAGREFS="LT8"
                    BASELINE="65 886 531 884" 
                    HPOS="64"
                    VPOS="854"
                    WIDTH="467"
                    HEIGHT="47">
            <Shape><Polygon POINTS="65 886 65 895 100 899 100 899 133 896 145 901 146 901 146 901 171 901 171 901 172 901 173 901 177 897 219 901 219 901 220 901 221 901 229 895 260 900 260 900 285 895 303 895 313 900 314 900 314 900 315 900 324 895 345 899 346 899 347 899 354 895 374 900 375 900 375 900 393 895 414 899 414 899 433 895 460 899 461 899 462 899 471 895 530 899 531 884 529 858 472 859 460 854 459 854 458 854 458 854 457 854 451 859 429 859 409 854 408 854 408 854 407 854 400 859 372 855 372 855 371 855 354 859 331 855 331 855 330 855 329 855 325 859 319 855 318 855 318 855 317 855 303 859 294 855 293 855 293 855 292 855 271 860 254 857 253 857 252 857 252 857 248 860 228 857 227 857 196 861 179 855 178 855 177 855 177 855 176 855 169 861 152 861 64 855 65 886"/></Shape>
            <String CONTENT="Pour nous mettre hors de ſoucy"
                    HPOS="64"
                    VPOS="854"
                    WIDTH="467"
                    HEIGHT="47"
                    WC="0.9816731333732605"></String>
          </TextLine>
          <TextLine ID="eSc_line_a4b46d2a"
                    TAGREFS="LT8"
                    BASELINE="67 926 698 932" 
                    HPOS="65"
                    VPOS="886"
                    WIDTH="632"
                    HEIGHT="56">
            <Shape><Polygon POINTS="66 925 65 934 149 931 169 937 288 933 305 938 378 933 524 940 574 935 597 942 681 942 696 935 697 903 646 891 611 896 594 890 544 890 523 901 481 889 458 894 431 889 417 900 344 899 331 890 286 898 279 891 260 893 247 887 218 898 204 893 142 896 132 886 127 886 114 895 66 895 66 925"/></Shape>
            <String CONTENT="Le doux Ieſus. O doux leſus, &amp;c."
                    HPOS="65"
                    VPOS="886"
                    WIDTH="632"
                    HEIGHT="56"
                    WC="0.9554802626371384"></String>
          </TextLine>
          <TextLine ID="eSc_line_b59316db"
                    TAGREFS="LT8"
                    BASELINE="103 964 620 964" 
                    HPOS="103"
                    VPOS="932"
                    WIDTH="517"
                    HEIGHT="44">
            <Shape><Polygon POINTS="103 964 103 971 196 975 196 975 197 975 207 971 220 975 221 975 221 975 244 971 285 975 285 975 286 975 287 975 293 971 313 971 323 975 323 975 324 976 353 976 353 975 354 975 367 971 381 974 382 974 383 974 472 971 501 975 501 975 525 971 580 974 581 974 582 974 593 971 619 975 620 964 620 939 585 939 571 932 570 932 570 932 569 932 568 932 559 938 538 932 537 932 537 932 536 932 526 936 501 932 500 932 499 932 485 939 462 939 452 932 451 932 451 932 450 932 449 932 429 938 406 935 405 935 354 938 345 932 344 932 343 932 314 932 313 932 312 932 312 932 304 939 282 939 265 932 264 932 264 932 234 938 200 938 192 932 191 932 190 932 190 932 163 936 158 932 157 932 156 932 156 932 155 932 154 932 147 938 130 932 129 932 129 932 103 933 103 964"/></Shape>
            <String CONTENT="Rendons louange a noſtre ſauueur,"
                    HPOS="103"
                    VPOS="932"
                    WIDTH="517"
                    HEIGHT="44"
                    WC="0.9769431244243275"></String>
          </TextLine>
          <TextLine ID="eSc_line_3dd4ab79"
                    TAGREFS="LT8"
                    BASELINE="65 1001 598 1002" 
                    HPOS="65"
                    VPOS="971"
                    WIDTH="533"
                    HEIGHT="46">
            <Shape><Polygon POINTS="65 1001 65 1012 92 1011 121 1016 121 1016 122 1016 123 1016 127 1012 142 1016 143 1016 144 1016 144 1016 152 1012 166 1016 167 1016 167 1016 192 1011 217 1016 218 1016 241 1011 250 1016 250 1016 251 1016 252 1017 289 1017 289 1016 289 1016 300 1011 318 1016 319 1016 320 1016 345 1012 351 1016 352 1016 352 1016 353 1016 401 1011 433 1017 433 1017 458 1012 470 1016 471 1016 472 1016 496 1011 503 1015 503 1015 504 1015 505 1015 597 1011 598 1002 598 978 578 973 577 973 576 973 576 973 564 978 489 978 478 971 478 971 477 971 409 971 408 971 408 971 389 978 366 971 366 971 365 971 364 971 342 978 308 978 298 971 298 971 297 971 296 971 271 971 270 971 258 977 233 973 232 973 231 973 220 978 166 978 149 971 148 971 148 971 147 971 124 977 113 973 112 973 111 973 111 973 96 977 86 971 85 971 84 971 84 971 65 974 65 1001"/></Shape>
            <String CONTENT="Luy donnant gloire &amp; auſſi honneur"
                    HPOS="65"
                    VPOS="971"
                    WIDTH="533"
                    HEIGHT="46"
                    WC="0.980012050446342"></String>
          </TextLine>
          <TextLine ID="eSc_line_c770d065"
                    TAGREFS="LT8"
                    BASELINE="65 1039 700 1046" 
                    HPOS="63"
                    VPOS="1004"
                    WIDTH="636"
                    HEIGHT="61">
            <Shape><Polygon POINTS="64 1038 63 1057 136 1052 144 1059 171 1060 180 1051 201 1051 245 1061 272 1060 286 1052 335 1052 364 1063 420 1063 434 1055 468 1063 532 1055 541 1061 562 1056 569 1063 597 1059 606 1065 624 1060 647 1065 659 1056 697 1058 699 1045 697 1010 680 1015 673 1009 621 1009 612 1014 603 1008 568 1008 561 1015 540 1009 524 1019 477 1008 407 1018 335 1018 245 1017 232 1005 227 1005 214 1015 195 1005 180 1011 153 1005 138 1010 124 1004 114 1014 86 1004 64 1006 64 1038"/></Shape>
            <String CONTENT="Le doux Ieſus. O doux Ieſus, &amp;c"
                    HPOS="63"
                    VPOS="1004"
                    WIDTH="636"
                    HEIGHT="61"
                    WC="0.9712982370007422"></String>
          </TextLine>
        </TextBlock>
      </PrintSpace>
    </Page>
  </Layout>
</alto>
