803 1186
659 74 46 37 93

184 61 334 48 SPIRITVELLES.

87 245 64 50 M

83 104 619 54 Le pecheur eſt damné par la Loy, mais il recoit vie

121 149 331 46 & ſalut par Ieſus Chriſt.

118 189 503 44 Sur le chãt: A qui me doy-ie retirer.

128 230 389 38 Aintenant me faut retirer

152 264 462 47 Par foy a Ieſus Chriſt mon frere:

86 299 412 50 Car luy ſeul m’a voulu tirer

81 343 514 48 Hors du peché de mon grand pere,

80 382 434 48 Il m’a eſte touſiours proſpere,

81 419 371 46 Et ſi ſera apres ma mort,

80 459 430 49 Si ie ne crains a luy deſplaire,

77 502 481 48 Ie vous promets que i’auray tort.

120 540 432 48 Car par la Loy i’eſtois damné,

81 577 457 49 Car n’y a nul qui l’accompliſſe,

79 618 402 40 Touteſfois Dieu a ordonné,

80 657 445 47 Que tout homme luy obeiſſe:

78 698 426 47 Que feray-ie, qui par malice,

77 738 470 45 Tranſgreſſe ce commandement?

75 776 412 45 Ie ſuis par la Loy de Iuſtice.

73 814 473 46 Condamné ſouffrir damnement.

112 855 399 45 Damné certes ne ſeray pas,

74 895 458 47 Car noſtre Dieu eſt noſtre pere,

77 936 393 46 Qui a pourueu a noſtre cas,

70 975 384 44 Reparant noſtre vitupere:

70 1014 467 44 Donné nous a ſon fils pour frere,

70 1049 414 62 Portant des eſleus le forfaict:
