791 1180
73 62 54 52 96

204 55 243 47 CHANSONS

80 97 407 54 En ſa mort Paradis i’eſpere,

82 138 451 54 Car pour moy a la Loy parfait.

117 178 479 52 La Loy me promet damnement,

83 216 496 54 En pluſieurs lieux dedans la Bible,

86 257 415 52 Si ne fay le commandement

83 292 532 58 De Dieu qui m’eſt choſe impoſſible:

85 336 439 52 Mais a Ieſus tout eſt poſſible,

88 375 491 53 Qui nous dit plus douce chanſon:

89 414 443 54 Que noſtre mal eſt remiſſible,

93 456 346 50 Car il a payé la rancon.

127 492 471 54 La Loy me condamne à la mort,

96 532 434 54 L’Euangile me promet viure:

93 574 420 50 Il eſt certain que i’auray tort

95 612 430 50 Si l’Euangile ne veux ſuyure:

95 652 427 48 La mort de Ieſus me deliure,

97 692 397 49 Du cruel infernal torment:

100 730 442 50 Il le me promet par ſon liure,

101 770 459 46 Nommé le nouueau teſtament.

139 808 445 52 Vray reparateur des humains,

102 848 417 50 Et ſeul conſolateur du triſte:

102 889 422 49 Ie te requiers a iointes mains

106 926 398 51 Ne regarder a mon merite:

106 970 395 46 Iamais vn poure Sodomite

109 1005 426 48 Ne fut tant endurci que moy,

111 1045 452 57 Parquoy par la ſentence eſcrite,
