806 1186
652 57 42 51 97

237 47 337 49 SPIRITVELLES.

83 92 423 52 Damné ſeray quant a la Loy.

118 134 440 48 Ie ſeroys donc en grand eſmoy

85 171 415 48 Si ie n’auois veu l’Euangile,

83 212 482 48 Par qui Chriſt dict, Venez a moy,

85 249 454 48 Mon eſpouſe, mon fils, ma fille:

87 288 358 46 Ie ne veux eſtre ſi debile

88 328 431 46 Que ie ne croye aſſeurément,

88 366 470 48 Que mon offenſe infame & vile

86 407 337 46 Ieſus a laué purement.

123 446 460 46 Ieſus mon Seigneur, & Sauueur

86 483 401 50 Muny d’amiable concorde,

90 525 404 49 Qui porte ſi grande faueur,

86 564 401 46 Faiſant a tous miſericorde,

90 602 415 44 Tu nous as oſtez de la corde,

88 643 410 46 Et du gibet ou nous eſtions:

88 681 470 46 Laiſſer faut donc toute vie orde,

89 722 517 48 Et qu’en toy noſtre eſpoir mettions.

131 762 352 45 Par toy auons creation,

90 799 455 48 Comme la Bible nous raconte,

91 838 380 50 Et par ta mort remiſſion:

92 878 582 52 Mais aucuns n’en font pas grand conte,

93 919 380 45 Folle fiance les ſurmonte,

96 957 444 48 Qui les faict ailleurs recourir,

94 996 493 47 Dont ils deuſſent creuer de honte:

98 1035 489 58 Car ſeul pour eux voulus mourir.

531 1072 60 66 G .i.
