816 1182
95 45 49 48 98

263 47 253 47 CHANSONS.

132 92 462 47 Nouueau Adam qui as ſouffert

105 133 447 45 En la croix vn mortel outrage,

105 174 439 44 Par ta mort clairement appert

102 212 347 44 De ton celeſte mariage,

102 250 443 46 De ton coſté pour noſtre vſage

104 291 506 45 As demonſtré qu’es noſtre eſpoux:

103 330 523 48 Dont t’aymerons de grand courage,

107 369 473 46 Comme vn mary loyal & doux.

144 407 435 48 Le faux ſerpent auoit dompté

106 443 392 50 Adam, & ſoumis a ſa guiſe:

107 484 466 48 Mais Dieu a par ſa grand bonte,

107 522 416 46 Pardonné la faute commiſe:

108 560 443 48 Par toy Chriſt elle fuſt remiſe,

107 602 432 44 Pour nous as ſouſtenu le faix,

111 642 448 46 Qui eſt le point qui nous auiſe,

109 679 375 46 De te louer en dits & fais.

149 719 499 47 Puis qu’ainſi eſt, mon redempteur,

112 757 516 51 Que par toy ſeul ma paix eſt faicte:

111 799 406 44 Et que tu m’es reſtaurateur,

110 837 456 44 De la mort qui eſt tant infecte,

110 877 496 43 Maintenant & touſiours proteſte,

116 915 479 47 Tant qu’au mortel monde ſeray,

116 957 420 44 Que de cœur & penſee nette,

117 997 365 43 Ton vouloir executeray.

154 1030 432 60 Reſiouyſſons nous mes amis,
