803 1185
278 54 242 44 CHANSONS

94 96 266 44 Ton ame eſt folle

91 136 472 52 S’elle n’y prend faueur & gouſt.

188 199 382 49 Le troiſieſme commandement.

129 261 513 48 Le nom de Dieu en vain ne iureras,

90 300 469 50 Ouy, ou Non finira ton langage:

86 342 481 45 Et verité pour ton prochain diras

86 381 585 48 Pour le garder d’auoir aucun dommage.

86 420 533 42 Ne iure auſſi, terre, ne ciel, ne ſaincts,

90 459 581 60 Ne par ta foy, mais tes ditz ſeront ſains,

84 496 197 42 Et veritables

84 533 230 51 Et proffitables,

83 573 331 47 Sans nommer diables,

84 614 400 46 Ne iure choſe aucunement.

81 652 288 47 Iureurs damnables,

83 691 252 46 Gens execrables,

81 730 214 45 Et miſerables,

79 769 380 51 Dictes verité ſimplement.

195 826 398 48 Le quatrieſme commandement.

116 876 513 50 Le ſainct ſabbath te faut ſanctifier,

79 919 538 47 Et labourer ſix iours de la ſepmaine:

78 961 481 44 En bien faiſant à tous ſans t’y fier

81 998 606 47 Voila comment le Chreſtien ſe demaine.

79 1038 508 56 Sabbathizer, c’eſt magnifier Dieu,
