2133 3487
1011 294 1034 138 Me redonnant la part de voſtre lict.

1011 389 1116 149 En me monſtrant, que més pechez diuer

1005 482 1038 149 Par la bonté de vous ſont ſi couuers,

1013 581 1114 141 Et ſi vaincuz par voſtre grand' victoi◊

1013 674 1112 131 Que n'en voulez iamais auoir memoire

1001 765 1054 141 Et que la grace en moy auez encloſe,

1005 860 1122 131 Qui vous garde de n'y veoir aultre cho◊

1003 953 1124 137 Sinon lés dons donnez de voſtre dextre,

995 1046 1132 137 Et lés vertuz, qu'il vous a pleu y mettre.

1063 1139 1050 141 O charité bien voy que voſtre ardeur

986 1230 970 143 Icy deſfaict & bruſle ma laydeur:

982 1323 941 137 Et me refaict creature nouuelle,

978 1418 1106 143 Pleine de Dieu, qui me faict eſtre belle.

978 1512 1071 140 Ce qui eſt mien auez du tout deſtruict,

962 1609 948 132 Sans y laiſſer renommée ne bruit:

974 1698 1021 136 En me daignant ſi parfaicte refaire,

974 1805 1149 132 Que tout le biẽ qu'un vray eſpoux pœut fa◊

972 1882 1139 144 A ſon eſpouſe, vous l'auez faict à moy:

976 1981 1108 138 En me donnant de voz promeſſes Foy.

1036 2074 1087 146 Or ay ie donc par voſtre bonne grace,

962 2165 950 138 De l'eſpouſe recouuerte la place.

960 2254 1072 146 Bienheureux lieu, place tant deſirable,

964 2351 1077 134 Gratieux lict, throſne treſhonnorable,

960 2450 1045 132 Siege de paix, repos de toute guerre,

953 2535 1069 194 Haultain d'honneur ſeparé de la terre,
