2133 3487
792 373 1052 138 En vous aymant de cœur entierement,

803 482 1268 135 Cõme il vous plaiſt, point ne fault q̃ me vente,

790 579 1021 120 Ie confeſſe, que i'ay faict aultrement:

798 676 1023 114 Car moymeſmes i'ay aymé follement,

796 767 1176 122 Pour rendre en tout ma volunté contente.,

796 860 1147 120 Et vous, en qui doibt eſtre noſtre attente

796 953 1172 120 I'aymois pour moy: m'arreſtant à la rente,

790 1046 1112 122 Dés biens receuz de vous preſentement,

794 1141 1030 116 Et en eſpoir d'aultres abundam^ment

790 1230 1017 124 En recepuoir: & (affin que ne mẽte)

790 1332 949 111 Souuent vous ay prié deuotement

792 1421 1238 117 Pour m'oſter hors, & garder de tourment,

796 1512 1273 123 Tant que ſembloit, que i'euße amour feruente.

784 1611 1246 117 Las donnez moy mon Dieu amour ardente,

786 1702 1091 111 Dont la bonté de vous ſoit fondement:

786 1797 1213 116 Et qu'en vous ſeul ſoit ma fin & pretente:

794 1890 1156 116 Sans auoir plus d'aultre amour ſentement.

873 1985 1205 113 De vous dire mõ Dieu, mon Pere, & Roy,

786 2074 1286 126 Ce que vous ſeul ſçauez trop mieulx que moy,

782 2171 1056 114 A moymeſmes, ie ſçay que ie fais tort:

788 2264 1135 114 Quar vous louer ne puis comme ie doy,

782 2355 969 113 Ne merciér dés biens que ie reçoy,

782 2450 1013 111 Ne confeſſer le mal, qui me remort:

786 2539 829 120 Satiſfaire ne puis à nul effort,

786 2636 1046 188 Ne paruenir par mon labeur au port
