1940 3480
649 502 103 87 I

711 371 1120 137 LE croy en Dieu le Pere tout puiſſant,

772 483 1034 116 Qui crea terre & ciel reſplendiſſant.

638 576 1240 118 Et en ſon filz vnique IESVS CHRIST,

638 668 1193 144 Noſtre Seigneur conceu du ſainct Eſprir

634 755 880 118 Et de Marie entiere vierge ne,

628 844 971 130 Deſſoubz Pilate à tort p'aſſionné:

628 953 909 116 Crucifié, mort, en croix eſtendu

632 1045 1114 120 Au tombeau mis, aux enfers deſcendu:! v

622 1140 1124 114 Et qui de mort reprint vie du tiers iour: c

622 1229 884 118 Monta laſſus au celeſte ſeiour:

618 1324 937 120 Là ou il ſied à la dextre du Pere,

617 1422 1160 116 Pere eternel, qui tout pœut & tempere:

617 1513 895 105 Et doibt encor? de là venir icy.

617 1606 1013 128 Iuger les mortz, & lés viuans außi.

719 1722 1041 124 CREDO IN SPIRITVM

970 1821 501 108 ANCTVM.

851 1941 1005 147 V ſainct Eſprit ma ferme Foy ay miſe.

842 2055 1014 127 AIe croy la ſaincte et catholique Egliſe.

609 2140 1077 129 Ie croy dés ſainctz, & dés fideles vne

620 2242 1174 132 Vraye vmon entre eulx en tout cõmune..

605 2333 938 122 De noz pechez pleine renißion.

605 2420 851 128 Et de la chair la reſurrection.

605 2511 950 126 Finablement croy la vie eternelle.

607 2606 1170 166 Telle eſt ma Foy: et veulx mourir en elle.

624 2082 173 81 L
