2133 3487
588 470 204 118 Plaiz

833 366 891 122 Puny ſera de la peine eternelle.

823 466 1116 126 Dieux eſt iuſte, ſon iugement eſt droict:

842 554 1188 141 Tout ce qu'il fait eſt iuſte en tout endroict.

833 652 1086 128 Las ou ſuis ie, regardant ſa droicture,

836 747 1066 124 Moyx miſerable & paoure creature?

844 842 1062 124 Veu que ie ſçay, que toutes lés iuſtices

829 925 1152 140 Dés plusy iuſtes, ſont ſi pleines de vices,

831 1028 1158 124 Que deuant Dieu ſont ordes, ſalles, viles,

834 1123 1113 118 Plus infamesx qu'immundices dés villes:

839 1222 1022 112 Que ſera cexdés pechez que ie fais,

805 1307 1072 136 Dont trop ie ſentz importable le faiz?

825 1406 841 114 Dire ne puis aultre cocluſion,

827 1495 955 120 Sinon, que i'ay gaigné damnnation.

831 1582 869 128 Eſt ce la fin? ſera deſeſperance

831 1683 1094 120 Le reconfort de ma grande ignorance?

825 1776 1108 122 Las mon Dieu non:car la Foy inuinſible

834 1869 1111 122 Croire me fait, que tout mon vimpoſible

822 1964 1081 119 Eſt treſfacile à vous:tant que mon rien

845 2061 1133 112 Conuertiſſezven quelque œuure de bien.

813 2142 1201 130 Donc mon Seigneur, quixme condannera!

811 2243 936 114 Et quel luge iamnais me damnnera,

815 2338 1221 120 Quand cellucy là, qui m'eſt donné pour Iuge,

835 2429 1139 124 Eſt mon Eſpoux, mõ Pere & mõxrefuge?

811 2526 1074 112 Pere, mais quel? qui ianais ſon enfant

809 2615 1132 186 Ne condamne mais l'ezcuſe & deffend.

581 720 199 163 1aij

588 887 223 120 Miehy.

579 1124 247 115 Ilaie.6a.

581 1235 241 101 Pal aoe

585 1297 191 124 8237.

577 1836 246 138 Martaio.

583 2076 232 80 Rom.5.

585 2142 207 120 Rom.S.

573 2431 243 112 Plai.89.
