2133 3487
881 356 971 134 Helas ouy, car du pere mauldict

879 457 756 131 Auez rompu la filiation,

875 550 1201 122 En me nommand fille d'adoption.

910 643 1176 124 Or dõcques, puis q̃ nous n'auõs qu'un pere,

881 736 1193 122 Ie ne craindray de vous nõmer mon frere.

895 833 1187 116 Vous l'auez dit en lieu bien authenticque

887 924 1195 124 Par Salomon en voſtre doulx Canticque,

845 1011 1229 133 " Diſant, * Ma ſœur tu as nauré mon cœur,

857 1112 1127 122 " Tu as nauré mon cœur par la doulceur

845 1194 1238 131 " D'un de tés yeulx, & d'un de tés cheueulx.

900 1296 1076 116 Las mon frere aultre bien ie ne veulx.

900 1377 1052 142 Que, vous naurant naurée me ſentir

900 1478 1188 122 Par voſtre amour bien m'y veulx cõſentir.

903 1574 942 131 Pareillement eſpouſe me clamez

904 1669 1192 132 En ce lieu là, monſtrant que vous m'aymez,

909 1758 1119 139 Et m'appellez par vraye amour ialouſe.

921 1851 1107 124 * Ma colombe, lieue toy mon eſpouſe.

848 1958 1131 118 " Parquoy diray par amoureuſe Foy,

883 2036 1090 143 " A vous ie ſuis, & vous eſtes à moy.

927 2134 1155 126 Vous me nõmez amye, eſpouſe, & belle:

918 2222 1063 140 Si ie le ſuis, vous m'auez faicte telle:

920 2322 1176 132 Las vous plaiſt il telz noms me deſpartir,

915 2420 1136 131 Ilz ſont dignes de faire vn cœur partir,

921 2501 1130 140 Mourir, bruſler par amour importable:

920 2599 1191 225 Penſant l'hoñeur trop plus que raiſonable.

642 987 197 207 Cãt.4.

666 1892 219 153 Cant,3.
