2133 3487
747 410 860 116 Pour delier mon dbſtiné lien

813 501 1124 126 Mon long parler trop inutil mal ſonne,

767 598 1042 122 Veu le propor ſi digne, que perſonne

751 693 1091 118 N'eſt ſuffiſant pour ſouſtenir le faiz:

765 786 1160 116 Cognoiſſance me commande & ordonne

743 877 1066 114 De regarder d’unpoſſible la bourne,

751 964 1037 128 Que nul eſprit ſubtil, legier, ou fraiz

751 1063 1054 120 N'a ſceit paſſer:tant ait il bon relaiz,

743 1152 1277 124 Donc, pour eſtre du nombre dés parfaictz,

747 1247 1141 110 A labonté de vous mon Dieu retourne,

747 1344 1186 118 Quiait pecheur grace pour graçe donne:

749 1429 1310 134 Quar regardant més penſe es, dictz, & faictz

755 1530 1052 112 Vne paille ie n'y voy d'œuire bonne:

741 1619 1097 114 Mais Verité vostre œil de pitié tourne

747 1716 955 118 A nous tenir la promeſſe de paix,

740 1809 1088 112 Par Charité qui tout peché pardonne,

743 1902 1041 116 En ceſte Poy fenne & ſeure me taiz

743 1995 1095 134 Et pour penſer, le parler i'abandonne.

937 2165 918 130 A DIEV SEVLSOIT

1059 2272 696 104 HONNEVRET

1251 2365 310 114 LOIRE

1017 2471 744 167 AINSISOITII.
