2133 3487
691 348 926 122 Ie confeſſe que rigueur de iuſtice

695 439 1110 118 Me condemnãt, ne fait que ſon debuoir:

695 536 1133 122 Mais mon regard eſt, que par ma malice

699 627 920 122 I'ay offenſé tant de perfection,

701 724 992 112 Tant de bonté, doulceur, dilection,

705 811 1187 132 Source d’amour, d’ordre, reigle, et police.

697 912 1034 120 De moy ſans plus vient la perdition:

712 1007 1016 120 Qui par amour en grand' deuotion

705 1102 1019 118 Ne doy ceßer de vous faire ſeruice.

699 1187 1187 124 Las vueillez moy mon Dieu eſtre propice

699 1282 1003 128 Non pour la peur de ma confuſion:

701 1377 1168 126 Mais pour auoir touſiours part au calice

699 1474 877 118 Du merite de voſtre paßion.

753 1565 1048 114 En me damnant ferez voſtre debuoir

699 1652 1124 126 Ie l'ay gaigné, chaſcun le doibt ſçauoir,

701 1753 1096 114 Car deuant vous & le Ciel, eſt notoire:

701 1848 1185 112 Mais, mon Saulueur, vous auez le pouoir,

699 1937 1025 112 Du fond d'Enfer me tirer, & auoir:

701 2032 1203 114 Riens qui ne vaulx, ny ne puis riens valoir,

707 2123 1034 120 Et que ma vie ſoit d’inutile hiſtoire:

699 2216 1222 118 Mõ cœur pouez chãger en blãc pour noir,

697 2311 1036 120 Et par grace de vertu me pouruoir,

703 2407 1368 115 Couurant més maulx ſans en auoir memoire, ,

705 2499 1147 112 La mort ne crains, ny Enfer vne poire:

707 2586 1369 201 Mais de perdre le grad bien de vous veoir,
