2133 3487
924 395 1063 126 Ce que voulez: & ce que ie pourſuis,

927 490 1114 126 Qui me faict bien ſans fin eſmerueiller,

929 586 1029 123 Comme ſi fort vous a pleu trauailler,

918 681 1034 121 Pour vous vnir à moy contre raiſon:

931 774 1004 122 Veu qu'il n'y a nulle comparaiſon.

945 865 1091 136 Vous eſtes * Dieu, ie ſuis voſtre facture:

910 964 1040 115 Mon Createur, moy voſtre creature:

910 1051 1066 128 Brief, ne pouuant ce que c'eſt diffinir,

916 1150 1131 120 C'eſt ce que moins à vous ſe pœut vnir.

976 1245 1141 122 Amour amour, vous auez faict l'accord:

910 1338 831 114 Faiſant vnir à la vie la mort.

906 1431 849 112 Mais l'union a mort viuifiée.

914 1526 899 112 Vie mourant d'amour verifiée,

895 1615 1055 120 Vie ſans fin a faict noſtre mort viue.

896 1714 969 112 Mort a donné à vie, mort neifue.

906 1804 1093 125 Par ceſte mort, moy morte, reçoy vie:

886 1900 1052 116 Et au viuant par la mort ſuis rauie.

906 1996 1209 110 En vous ie vy: quant en moy ie ſuis morte.

889 2094 1216 100 Mort ne m'eſt plus que d'une priſon porte,

972 2185 1147 112 Vie m'eſt mort, car par mortſuis viuãte.

898 2274 1185 112 Vie me rend bien triſte, & mort contente.

900 2362 1140 125 O quel mourir, qui fait mon ame viure:

900 2458 1140 116 En la rendant par mort, de mort deliure,

902 2555 1037 112 Vnie à vous par amour ſi puiſſante,

900 2648 1162 199 Que ſans mourir elle meurt languiſſante.

672 858 220 118 Ebr.3.
