2133 3487
918 316 1095 201 ouragexo qu alpe bies derede.

982 482 999 116 Orie vous ay par vne Poy latente,

926 565 1102 126 Par quoy ie ſuis ſatiſfacte & contente.

916 660 1104 134 Or vous ay ie mon Pere pour deffenſe

903 749 1110 128 Dés follies de ma trop longue enfange.

898 852 1118 124 Or vous q ie mon Erere pour ſecours

896 945 1152 124 De més eunuyz, que ie ne treuie courtz.

897 1040 1131 116 Or vous ay ie mon Filz, de ma vieilleſſe

891 1121 1127 140 Le ſeul baſton, ſupport de ma fuibleſſe,

895 1220 1029 130 Or vous ay ie l'eſpoux ſans fiction,

898 1315 1025 124 De tout mon cœur la ſatiffaction.r

896 1412 1070 120 Puis que vous ay, ie quitte le ſi plun

904 1505 1217 120 Puis que vousxtiẽs, ie ne vous lais ray plus

893 1600 1226 122 Puis que vous voy, riens ne veulx regarder.

910 1693 1083 120 Qui de vous vooir me puiſſe retarder.

908 1788 1119 120 Puis que vous oy aultre vne veulx ouyr,

900 1881 1127 118 Qui m'empeſche de voſtre, voixx iouir.

885 1974 1100 122 Puis que propol à vous ie puis tenir,

877 2067 1106 120 Aultre que vous ne ueulx entretenir.

879 2154 1244 124 Puis ql vous plaiſt pres de vous m'appcher,?

879 2254 1246 115 Pluſtoſt vouldrois mourir qu'aultre toucher.

877 2345 1248 115 Puis q̃ vous ſers, ie ne veulx aultre maiſtre,

877 2440 1238 117 Puis qu'à vous ſuis, à aultre ne veulx eſtre,

875 2535 1169 118 Puis que mon cœur au vvoſtre auez vuy,

877 2619 1167 197 xui l'en deſbai, queil ſot lars fiu pumn,

650 1509 214 108 Cant3.

649 1728 236 125 Piaissa¬

649 1836 240 153 Can.6.
