2134 3487
19 325 1130 145 Si dur penſer ne puis doulcement boire:

21 401 1260 160 Sauluez moy donc par voſtre grãd vouloir.

62 501 1004 136 Las oubliez lés faultes de ieuneſſe.

23 592 1097 161 Soit par vouloir, par malice, ou fineſſe,

31 707 905 135 Fragilité, follie, ou ignorance.

32 780 1041 153 Ie viens à vous prenant la hardieſſe,

40 879 971 145 Me confiant du tout à la promeſſe

42 964 1213 147 De mon ſalut, par voſtre grand' ſouffrãce:

50 1073 1052 133 Car de penſer que peine, ou penitence

50 1164 1023 141 Pœuſt meriter d'emporter la balance

52 1234 1215 168 De més pechez, ce ſeroit grand' ſimpleſſe.

63 1344 1099 147 Parquoy ſans plus en la treſgrand' largeſſe

69 1443 1126 133 De voſtre amour fonde mon eſperance,

73 1530 1126 141 Mettez més maulx du tout en oubliance,

79 1617 1171 153 Et lés couurez par voſtre grand' ſaigeſſe,

91 1722 924 137 En me faiſant ſentir l'experience

87 1807 992 134 Par viue Foy de la bonté immenſe:

96 1892 1132 155 Qui procede de voſtre grand' haulteſſe,

96 1999 952 139 Me retirant par voſtre Sapience,

98 2088 962 147 De l'abiſme de peché, & baſſeße.

168 2169 1229 155 Puis qu'il vous plaiſt, q̃ Pere ie vous clame,

108 2270 1045 151 Ie le feray, bien que ce me ſoit blaſme

112 2371 1031 141 De n'auoir riens de voz conditions.

116 2454 1234 147 O doulx Pere, doulx Nom, ie vous reclame,

122 2551 1054 199 Ne ſouffrez pas que l'ennemy infame
