2236 3487
139 354 982 114 Las qu'eſt cecy? pas n'auez attendu

145 457 835 95 Ma priere, mais auez eſtendu

147 532 990 120 Voſtre dextre, me venant receuoir.

145 629 1203 128 Quand ne penſoys, que me daignißies veoir

187 728 989 110 En lieu d'auoir par vous punißion,

147 811 924 114 Vous m'aſſeurez de ma ſaluation.

141 920 930 106 Ou eſt celluy donc qui me punira,

145 1001 1083 114 Quand mon Pere mon peché luy ni^ra?

139 1092 940 124 Il n'eſt luge, qui puiſſe condemner

141 1189 1199 120 Nul, puis que Dieu ne le veult poĩt damner.

139 1284 1037 112 Ie n'ay doubte d'auoir faulte de biens,

141 1377 1155 114 Puis que mon Dieu pour mõ Pere ie tiens.

141 1466 911 114 Mon ennemy nul mal ne me fera:

149 1563 875 112 Quar mon Pere ſa force defera.

143 1662 1073 110 Si ie doy riens il pai^ra tout pour moy:

143 1753 1062 112 Si i'ay gaigné la mort, luy comme Roy,

143 1846 975 112 Me donnera grace & miſericorde,

141 1939 1019 114 Me deliurant de priſon & de corde.

187 2036 1120 120 Mais voicy pis. Quelle mere ay ie eſté,

143 2121 866 118 Aprés auoir par Foy & ſeurté

143 2220 1097 108 Receu le nom de vraye & bonne mere?

147 2303 1002 124 Trop ie vous ay eſté rude & amere:

145 2404 967 112 Car vous ayant conceu & enfanté,

141 2495 945 116 Laiſſant raiſon ſubiecte à volunté,

149 2592 1116 182 Sans * vous garder, ie me ſuis endormie:

1168 2684 97 157 b 3

1344 2595 254 167 3.Rois.3
