2236 3487
148 685 173 225 O

244 371 968 122 LE MIROIR DE L'AME

517 468 349 126 pechereſſe.

176 575 1136 143 * Seigneur Dieu crée en moy cœur net.

360 681 885 138 V eſt l'enfer remply entierement

334 788 985 122 De tout malheur, trauail, peine, &

1031 879 315 122 (tourmẽt?

145 881 839 130 Ou eſt le puitz de malediction

143 976 893 134 D'ou ſans fin ſort deſeſperation?

143 1071 942 128 Eſt il de mal nul ſi profond abiſme,

153 1162 990 137 Qui ſuffiſant fuſt pour punir la diſme

141 1257 1197 128 De més pechez? qui ſont en ſi grãd nombre,

149 1354 1048 122 Qu'infinitude rend ſi obſcure l'umbre,

149 1449 1166 125 Que lés compter, ne bien veoir, ie ne puis:

143 1540 1004 126 Car trop auant auecques eulx ie ſuis,

143 1629 1029 131 Et qui pis eſt, ie n'ay pas la puiſſance

141 1728 1170 120 D'auoir d'un ſeul au vray la cognoiſſance.

141 1824 1046 120 Bien ſens en moy que i'en ay la racine,

143 1917 959 119 Et au dehors ne voy effect ne ſigne.

149 1999 1195 131 Qui ne ſoit tout, brãche, fleur, fueille, et fruict,

145 2099 1087 128 Que tout au tour de moy elle produict.

184 2194 1023 122 Si ie cuide regarder pour le mieulx,

151 2285 1065 122 Vne branche me vient fermer les yeulx.

143 2376 1186 128 Et en ma bouche tombe quãd veulx parler,

141 2479 947 120 Le fruict par trop amer à aualler,

145 2572 980 231 Si pour ouyr mon eſperit ſ'eſueille,

1151 2663 153 161 a 3

1329 595 193 131 Pſal.5◊
