2188 3482
36 390 931 118 Et puis ie voy n’auoir accuſateur

38 481 1182 122 Que IESVS Chriſt, qui eſt mõ Redẽpteur:

40 580 886 118 Qui par ſa mort nous a reſtitué

32 667 954 114 Noſtre heritaige: & ſ'eſt conſtitué

34 762 1171 110 Noſtrex Aduocat, deuant Dieu preſentant

34 856 995 117 Ses merites:qui ſont, & valent tant,

44 947 1157 120 Que ma grand' debte en eſt ſi ſurmontée

36 1042 1205 122 Qu'en iugemẽt el' n'eſt pour rien comptée.

78 1134 1169 113 Mõ Redempteur: voicy vn bien grãd cas:ꝰn

32 1232 946 112 Il ſe trcuue peu de telz Aduocatz.

34 1315 1211 124 Doulx Ieſus Chriſt, c'eſtx à vous q̃ ie doy,

36 1419 1209 115 Car vousx priezx & plaidoiez pour moy.

34 1514 1144 112 Et qui plus eſt, quand paoure me voyez,

34 1605 1091 114 De voſtre bien ma grand' debte paiez,

38 1696 989 116 O de bonté mer, abiſme, & deluge:

42 1789 1132 114 Vous mon Pere daignez eſtre mon Iuge.

40 1882 1201 116 Qui ne voulez veoir la morty du pecheur.

42 1977 1207 114 OIESVS Chriſt dés ames vrayx peſcheur,

42 2069 1023 114 Et ſeul Saulueur, amy ſur tous amys,

42 2162 952 112 Mon Aduocat icy vous eſtes mis.

42 2253 1128 116 Parlant pour moy, me daignant excuſer,

42 2348 940 118 Ou me pouez iuſtement accuſer.

85 2437 1100 114 Plus ie ne crains de nul eſtre deſfaicte,

44 2528 942 120 Car du tout eſt Iuſtice ſatiſfaicte.

40 2623 1138 191 Mon doulx rſpoux en afaict le paui ment.:

847 2721 106 172 d2

1265 737 255 89 i.Iehã.1

1263 810 265 110 1 Tima.

1278 1259 240 131 Ifaie.ti¬

1272 1350 211 75 Ebr:7.

1290 1414 213 114 Rom.S.

1278 1874 258 103 Eaec.iE.

1272 1980 265 124 Mart.6.
