<?xml version="1.0" encoding="UTF-8"?>
<alto xmlns:xsi="http://www.w3.org/2001/XMLSchema-instance"
      xmlns="http://www.loc.gov/standards/alto/ns-v4#"
      xsi:schemaLocation="http://www.loc.gov/standards/alto/ns-v4# http://www.loc.gov/standards/alto/v4/alto-4-2.xsd">
  <Description>
    <MeasurementUnit>pixel</MeasurementUnit>
    <sourceImageInformation>
      <fileName>PSALMES____de_Dauid____[...]_btv1b10091180g_page-0074_2.jpg</fileName>
    </sourceImageInformation>
  </Description>
  <Tags>
    <OtherTag ID="BT7" LABEL="CustomZone" DESCRIPTION="block type CustomZone"/><OtherTag ID="BT8" LABEL="DamageZone" DESCRIPTION="block type DamageZone"/><OtherTag ID="BT9" LABEL="DigitizationArtefactZone" DESCRIPTION="block type DigitizationArtefactZone"/><OtherTag ID="BT10" LABEL="DropCapitalZone" DESCRIPTION="block type DropCapitalZone"/><OtherTag ID="BT11" LABEL="GraphicZone" DESCRIPTION="block type GraphicZone"/><OtherTag ID="BT12" LABEL="MainZone" DESCRIPTION="block type MainZone"/><OtherTag ID="BT13" LABEL="MarginTextZone" DESCRIPTION="block type MarginTextZone"/><OtherTag ID="BT14" LABEL="MusicZone" DESCRIPTION="block type MusicZone"/><OtherTag ID="BT15" LABEL="NumberingZone" DESCRIPTION="block type NumberingZone"/><OtherTag ID="BT17" LABEL="QuireMarksZone" DESCRIPTION="block type QuireMarksZone"/><OtherTag ID="BT18" LABEL="RunningTitleZone" DESCRIPTION="block type RunningTitleZone"/><OtherTag ID="BT19" LABEL="SealZone" DESCRIPTION="block type SealZone"/><OtherTag ID="BT20" LABEL="StampZone" DESCRIPTION="block type StampZone"/><OtherTag ID="BT21" LABEL="TableZone" DESCRIPTION="block type TableZone"/><OtherTag ID="BT22" LABEL="TitlePageZone" DESCRIPTION="block type TitlePageZone"/>
    <OtherTag ID="LT7" LABEL="CustomLine" DESCRIPTION="line type CustomLine"/><OtherTag ID="LT8" LABEL="DefaultLine" DESCRIPTION="line type DefaultLine"/><OtherTag ID="LT9" LABEL="DropCapitalLine" DESCRIPTION="line type DropCapitalLine"/><OtherTag ID="LT10" LABEL="HeadingLine" DESCRIPTION="line type HeadingLine"/><OtherTag ID="LT11" LABEL="InterlinearLine" DESCRIPTION="line type InterlinearLine"/><OtherTag ID="LT12" LABEL="MusicLine" DESCRIPTION="line type MusicLine"/><OtherTag ID="LT1063" LABEL="default" DESCRIPTION="line type default"/>
  </Tags>
  <Layout>
    <Page WIDTH="2236"
          HEIGHT="3487"
          PHYSICAL_IMG_NR="8"
          ID="eSc_dummypage_">
      <PrintSpace HPOS="0"
                  VPOS="0"
                  WIDTH="2236"
                  HEIGHT="3487">
        <TextBlock HPOS="134"
                   VPOS="375"
                   WIDTH="1284"
                   HEIGHT="2366"
                   ID="eSc_textblock_e09da004"
                   TAGREFS="BT12">
          <Shape><Polygon POINTS="134 379 134 2741 1369 2734 1418 2504 1319 2484 1178 2255 1286 1978 1357 725 1344 585 1402 469 1355 375"/></Shape>
          <TextLine ID="eSc_line_fa47c537"
                    TAGREFS="LT8"
                    BASELINE="205 462 1385 480" 
                    HPOS="203"
                    VPOS="387"
                    WIDTH="1182"
                    HEIGHT="124">
            <Shape><Polygon POINTS="1367 401 1348 401 1329 401 1309 401 1290 401 1271 401 1251 401 1232 401 1226 399 1218 401 1201 399 1193 399 1174 399 1154 399 1135 399 1116 399 1096 399 1085 397 1075 401 1069 397 1057 397 1038 397 1024 397 992 402 957 397 941 397 922 395 902 395 883 395 879 395 868 401 761 401 749 393 747 393 728 393 709 393 689 393 670 393 651 393 631 391 612 391 592 391 573 391 554 391 534 391 515 391 496 389 476 389 457 389 437 389 428 395 337 395 311 387 302 387 282 387 263 387 244 387 230 387 205 389 205 462 203 488 596 488 804 501 806 501 877 493 891 503 893 503 895 503 897 503 990 493 1050 505 1052 505 1118 495 1133 507 1135 507 1137 507 1139 507 1141 507 1172 497 1253 509 1255 511 1367 511 1367 509 1369 509 1371 509 1383 497 1385 480 1385 410 1367 401"/></Shape>
            <String CONTENT="Helas mon Dieu, ie ne vous cerchoys pas,"
                    HPOS="203"
                    VPOS="387"
                    WIDTH="1182"
                    HEIGHT="124"
                    WC="0.9740519627928734"></String>
          </TextLine>
          <TextLine ID="eSc_line_4c4e9e15"
                    TAGREFS="LT8"
                    BASELINE="172 557 1330 567" 
                    HPOS="170"
                    VPOS="484"
                    WIDTH="1160"
                    HEIGHT="118">
            <Shape><Polygon POINTS="1330 513 1317 513 1298 495 1296 495 1294 495 1292 495 1290 495 1261 511 1214 495 1212 495 1211 495 1209 495 1207 495 1195 505 1135 493 1133 493 1086 503 1075 493 1075 492 1073 492 1071 492 1069 492 1067 492 1042 505 1019 490 1017 490 1015 490 1013 490 877 507 687 490 685 490 683 490 645 505 614 486 612 486 610 486 571 486 569 486 567 486 565 486 565 488 550 501 528 486 527 486 525 486 457 486 455 486 453 486 412 505 302 490 300 490 298 490 277 499 263 486 263 484 261 484 259 484 257 484 172 501 172 557 170 590 257 579 311 588 313 588 315 588 354 579 389 594 391 594 393 594 395 594 426 583 439 594 439 596 441 596 443 596 445 598 558 598 558 596 559 596 594 581 734 590 736 590 835 583 893 600 895 600 897 602 1042 602 1042 600 1044 600 1088 586 1116 600 1118 600 1242 602 1243 602 1245 602 1247 602 1265 588 1330 586"/></Shape>
            <String CONTENT="Mais vous fuyois en courant à grand pas:"
                    HPOS="170"
                    VPOS="484"
                    WIDTH="1160"
                    HEIGHT="118"
                    WC="0.9649082480407343"></String>
          </TextLine>
          <TextLine ID="eSc_line_6d31b7fc"
                    TAGREFS="LT8"
                    BASELINE="170 650 1108 658" 
                    HPOS="168"
                    VPOS="577"
                    WIDTH="940"
                    HEIGHT="114">
            <Shape><Polygon POINTS="170 650 168 674 180 683 180 685 182 685 184 685 186 685 187 685 226 672 286 685 288 685 385 674 401 685 401 687 403 687 404 687 406 687 408 687 455 674 581 674 598 687 600 687 602 687 604 687 606 687 643 676 885 689 887 689 889 689 891 689 906 678 1001 691 1003 691 1106 676 1108 658 1108 598 1081 583 1079 583 1077 583 1075 583 1073 583 1050 596 866 596 852 583 852 581 850 581 848 581 846 581 666 594 643 579 641 579 639 579 637 579 540 592 513 579 511 579 509 579 449 588 404 577 403 577 401 577 399 577 373 590 354 581 352 581 350 581 170 588 170 650"/></Shape>
            <String CONTENT="Et vousxça bas à moy eſtes venu,"
                    HPOS="168"
                    VPOS="577"
                    WIDTH="940"
                    HEIGHT="114"
                    WC="0.9742316936745363"></String>
          </TextLine>
          <TextLine ID="eSc_line_cb30b0ff"
                    TAGREFS="LT8"
                    BASELINE="174 751 1212 753" 
                    HPOS="172"
                    VPOS="672"
                    WIDTH="1040"
                    HEIGHT="106">
            <Shape><Polygon POINTS="172 772 1209 778 1212 753 1212 689 1176 674 1174 674 1172 674 1096 687 1021 678 1019 678 1017 678 988 687 955 676 953 676 951 676 949 676 914 687 840 678 838 678 837 678 807 687 767 674 765 674 649 674 647 674 645 674 643 674 625 689 577 689 554 674 552 674 550 674 474 674 472 674 470 674 468 674 468 676 455 687 246 678 244 678 242 678 203 687 178 672 174 751 172 772"/></Shape>
            <String CONTENT="Amoy, qui ſuis ver de terre tout nud."
                    HPOS="172"
                    VPOS="672"
                    WIDTH="1040"
                    HEIGHT="106"
                    WC="0.9821342471483592"></String>
          </TextLine>
          <TextLine ID="eSc_line_e977e52a"
                    TAGREFS="LT8"
                    BASELINE="211 836 1276 850 1315 847" 
                    HPOS="209"
                    VPOS="765"
                    WIDTH="1108"
                    HEIGHT="120">
            <Shape><Polygon POINTS="1310 776 1218 786 1180 774 1178 774 1176 774 1174 774 1137 784 1069 772 1067 772 955 782 922 771 920 771 918 771 916 771 893 782 838 769 837 769 835 769 780 780 769 771 769 769 767 769 765 769 567 765 565 765 563 765 538 778 432 778 406 765 404 765 403 765 211 772 211 836 209 858 236 873 238 873 240 873 242 873 366 858 385 873 387 873 389 873 391 873 393 873 437 860 455 875 457 875 459 875 461 875 463 875 488 865 523 875 525 875 527 875 528 875 558 862 569 873 569 875 571 875 573 875 575 875 651 862 728 879 730 879 732 879 769 865 784 879 786 879 788 879 790 879 879 865 897 879 899 879 900 879 902 879 964 865 984 881 986 881 988 881 1052 883 1054 883 1055 883 1118 867 1191 879 1193 879 1195 879 1232 869 1265 885 1267 885 1269 885 1271 885 1311 869 1317 869"/></Shape>
            <String CONTENT="Que dy ie ver? ie luy fais trop d&#x27;iniure,"
                    HPOS="209"
                    VPOS="765"
                    WIDTH="1108"
                    HEIGHT="120"
                    WC="0.9874568087298695"></String>
          </TextLine>
          <TextLine ID="eSc_line_16a3b1f1"
                    TAGREFS="LT8"
                    BASELINE="168 935 614 931 1243 943" 
                    HPOS="166"
                    VPOS="858"
                    WIDTH="1077"
                    HEIGHT="118">
            <Shape><Polygon POINTS="168 935 166 951 253 968 255 970 321 970 321 968 323 968 325 968 337 958 346 966 346 968 348 968 350 968 352 970 395 970 395 968 397 968 399 968 414 955 437 970 439 970 441 970 443 970 507 956 579 966 581 966 583 966 612 958 627 972 629 972 631 972 633 972 635 972 654 962 759 972 761 972 763 972 790 958 897 958 908 970 910 970 912 970 914 970 964 960 978 972 978 974 980 974 982 974 984 976 1015 976 1015 974 1017 974 1019 974 1019 972 1030 960 1054 974 1055 974 1057 974 1178 962 1222 976 1224 976 1226 976 1228 976 1230 976 1242 964 1243 943 1242 879 1123 879 1114 869 1114 867 1112 867 1110 867 1108 867 877 875 862 865 860 865 858 865 856 865 854 865 829 875 788 862 786 862 784 862 633 873 602 860 600 860 598 860 596 860 565 871 550 860 548 860 546 860 544 860 406 867 391 858 389 858 387 858 385 858 168 867 168 935"/></Shape>
            <String CONTENT="Amoy, qui ſuis tant infame &amp; pariure,"
                    HPOS="166"
                    VPOS="858"
                    WIDTH="1077"
                    HEIGHT="118"
                    WC="0.971686340667106"></String>
          </TextLine>
          <TextLine ID="eSc_line_18e7cb22"
                    TAGREFS="LT8"
                    BASELINE="166 1022 1274 1038" 
                    HPOS="164"
                    VPOS="949"
                    WIDTH="1110"
                    HEIGHT="124">
            <Shape><Polygon POINTS="166 1022 164 1042 261 1044 302 1061 304 1061 306 1061 308 1061 310 1061 331 1048 439 1048 461 1057 463 1057 465 1057 466 1057 499 1049 519 1063 521 1063 523 1063 525 1063 581 1053 678 1065 680 1065 734 1053 771 1067 773 1067 775 1067 776 1067 778 1067 778 1065 794 1053 829 1053 945 1053 966 1069 968 1069 970 1069 972 1069 1028 1057 1135 1073 1137 1073 1273 1067 1274 1038 1274 964 1116 958 1114 958 1112 958 1110 958 1092 970 1065 958 1063 958 1061 958 1001 972 980 956 978 956 976 956 974 956 972 956 970 956 951 968 906 956 904 956 902 956 900 956 862 970 724 970 685 955 683 955 682 955 680 955 635 966 620 953 618 953 616 953 559 951 558 951 556 951 554 951 554 953 540 966 455 966 437 951 437 949 435 949 434 949 432 949 430 949 375 962 166 960 166 1022"/></Shape>
            <String CONTENT="P&#x27;orgueil remply par mondaine raiſon,"
                    HPOS="164"
                    VPOS="949"
                    WIDTH="1110"
                    HEIGHT="124"
                    WC="0.9792353220888086"></String>
          </TextLine>
          <TextLine ID="eSc_line_2c18527f"
                    TAGREFS="LT8"
                    BASELINE="168 1117 1057 1123" 
                    HPOS="166"
                    VPOS="1044"
                    WIDTH="891"
                    HEIGHT="108">
            <Shape><Polygon POINTS="168 1117 166 1144 1054 1152 1057 1123 1055 1065 957 1048 955 1048 897 1057 883 1048 881 1048 879 1048 877 1048 800 1051 798 1051 775 1063 757 1051 755 1051 753 1051 751 1051 749 1051 747 1051 734 1063 629 1063 610 1046 608 1046 606 1046 604 1046 602 1046 544 1061 507 1048 505 1048 503 1048 501 1048 474 1061 403 1046 401 1046 399 1046 364 1055 352 1044 350 1044 348 1044 346 1044 344 1044 311 1059 279 1044 277 1044 275 1044 168 1057 168 1117"/></Shape>
            <String CONTENT="De faulceté, malice &amp; trahiſon,"
                    HPOS="166"
                    VPOS="1044"
                    WIDTH="891"
                    HEIGHT="108"
                    WC="0.9790213573724031"></String>
          </TextLine>
          <TextLine ID="eSc_line_8192898e"
                    TAGREFS="LT8"
                    BASELINE="195 1210 1212 1218 1269 1215" 
                    HPOS="195"
                    VPOS="1139"
                    WIDTH="1075"
                    HEIGHT="116">
            <Shape><Polygon POINTS="195 1152 296 1152 325 1139 579 1139 596 1152 647 1142 651 1142 672 1154 1052 1154 1098 1139 1197 1139 1226 1152 1265 1150 1270 1239 1267 1239 1176 1253 1174 1253 974 1243 906 1253 902 1253 864 1235 831 1251 825 1251 788 1235 658 1235 637 1253 633 1253 633 1255 482 1255 480 1253 478 1253 410 1235 391 1253 387 1253 387 1255 311 1255 310 1253 308 1253 271 1235 195 1235"/></Shape>
            <String CONTENT="Lax promeſſe que més amys ont faicte"
                    HPOS="195"
                    VPOS="1139"
                    WIDTH="1075"
                    HEIGHT="116"
                    WC="0.9916755105998065"></String>
          </TextLine>
          <TextLine ID="eSc_line_edfccade"
                    TAGREFS="LT8"
                    BASELINE="166 1301 1176 1311" 
                    HPOS="164"
                    VPOS="1224"
                    WIDTH="1012"
                    HEIGHT="122">
            <Shape><Polygon POINTS="164 1328 267 1325 313 1338 315 1338 317 1338 319 1338 321 1338 341 1325 364 1340 366 1340 368 1340 370 1340 372 1340 416 1328 472 1340 474 1340 554 1326 724 1342 726 1342 728 1342 763 1328 939 1344 941 1344 943 1344 945 1344 962 1330 982 1346 984 1346 986 1346 988 1346 1174 1332 1176 1311 1176 1251 1108 1235 1106 1235 1104 1235 1102 1235 1086 1249 1075 1239 1073 1239 1071 1239 1069 1239 1067 1239 1050 1245 1038 1235 1038 1234 1036 1234 1034 1234 1032 1234 1030 1234 992 1249 951 1239 949 1239 947 1239 906 1247 811 1232 747 1232 745 1232 744 1232 742 1232 722 1245 693 1232 691 1232 647 1232 645 1232 643 1232 641 1232 623 1245 484 1245 432 1228 430 1228 428 1228 426 1228 368 1243 310 1243 282 1226 280 1226 279 1226 277 1226 207 1237 168 1224 166 1301 164 1328"/></Shape>
            <String CONTENT="Au bapteſme, que depuis i&#x27;ay refaicte"
                    HPOS="164"
                    VPOS="1224"
                    WIDTH="1012"
                    HEIGHT="122"
                    WC="0.9906574278264433"></String>
          </TextLine>
          <TextLine ID="eSc_line_799e9bb8"
                    TAGREFS="LT8"
                    BASELINE="174 1400 1147 1404" 
                    HPOS="172"
                    VPOS="1325"
                    WIDTH="975"
                    HEIGHT="114">
            <Shape><Polygon POINTS="172 1433 213 1427 242 1437 244 1437 246 1437 248 1437 280 1423 317 1437 319 1437 321 1439 404 1439 404 1437 406 1437 434 1423 468 1437 470 1437 472 1437 627 1423 703 1423 724 1437 726 1437 728 1437 730 1437 827 1425 868 1439 869 1439 871 1439 1145 1427 1147 1404 1143 1338 1048 1344 947 1326 945 1326 943 1326 941 1326 941 1328 926 1344 825 1344 806 1328 806 1326 804 1326 802 1326 773 1326 771 1326 769 1326 767 1326 742 1346 687 1346 645 1325 643 1325 583 1325 581 1325 579 1325 536 1342 519 1328 517 1328 515 1328 513 1328 455 1340 439 1326 439 1325 437 1325 435 1325 434 1325 432 1325 379 1338 342 1325 341 1325 339 1325 337 1325 335 1325 313 1342 277 1326 275 1326 273 1326 271 1326 222 1342 176 1328 174 1400 172 1433"/></Shape>
            <String CONTENT="Qui eſt ſans fin de voſtre paßion"
                    HPOS="172"
                    VPOS="1325"
                    WIDTH="975"
                    HEIGHT="114"
                    WC="0.9938076174620426"></String>
          </TextLine>
          <TextLine ID="eSc_line_17a8c1f0"
                    TAGREFS="LT8"
                    BASELINE="166 1487 992 1497" 
                    HPOS="164"
                    VPOS="1421"
                    WIDTH="828"
                    HEIGHT="111">
            <Shape><Polygon POINTS="164 1509 217 1520 218 1520 220 1520 248 1511 263 1524 265 1524 267 1524 269 1524 271 1524 296 1512 325 1522 327 1522 329 1522 422 1512 496 1528 497 1528 499 1528 534 1514 664 1530 666 1532 740 1532 740 1530 742 1530 767 1518 825 1532 827 1532 829 1532 848 1522 941 1532 943 1532 945 1532 990 1516 992 1497 992 1441 860 1441 838 1429 837 1429 835 1429 833 1429 802 1437 786 1425 784 1425 782 1425 780 1425 497 1435 445 1421 443 1421 441 1421 439 1421 406 1433 234 1423 232 1423 230 1423 201 1431 168 1421 166 1487 164 1509"/></Shape>
            <String CONTENT="Sentir en moyx mortification:"
                    HPOS="164"
                    VPOS="1421"
                    WIDTH="828"
                    HEIGHT="111"
                    WC="0.9754624346206928"></String>
          </TextLine>
          <TextLine ID="eSc_line_03e7ec21"
                    TAGREFS="LT8"
                    BASELINE="166 1580 1269 1592" 
                    HPOS="164"
                    VPOS="1512"
                    WIDTH="1105"
                    HEIGHT="117">
            <Shape><Polygon POINTS="166 1580 164 1613 583 1613 610 1623 612 1623 614 1623 666 1613 747 1625 749 1625 811 1615 900 1627 902 1627 904 1627 928 1617 1077 1617 1191 1617 1203 1629 1205 1629 1207 1629 1209 1629 1267 1619 1269 1592 1269 1532 1234 1520 1232 1520 1230 1520 1090 1534 1071 1518 1069 1518 1067 1518 1065 1518 902 1532 166 1512 166 1580"/></Shape>
            <String CONTENT="Eſtre touſiours auecques vous en croix,"
                    HPOS="164"
                    VPOS="1512"
                    WIDTH="1105"
                    HEIGHT="117"
                    WC="0.9773994989884205"></String>
          </TextLine>
          <TextLine ID="eSc_line_21bdda5b"
                    TAGREFS="LT8"
                    BASELINE="172 1675 1205 1691" 
                    HPOS="170"
                    VPOS="1605"
                    WIDTH="1197"
                    HEIGHT="117">
            <Shape><Polygon POINTS="170 1693 271 1706 273 1706 275 1706 311 1697 344 1710 346 1710 348 1710 410 1698 474 1712 476 1712 478 1712 480 1712 494 1702 556 1712 558 1712 635 1702 649 1714 651 1714 652 1714 654 1714 831 1704 922 1718 924 1718 1054 1708 1156 1720 1158 1720 1218 1708 1336 1722 1338 1722 1340 1722 1366 1710 1367 1691 1366 1623 1135 1629 1073 1611 1071 1611 1069 1611 982 1621 920 1609 918 1609 916 1609 914 1609 900 1623 844 1623 776 1609 775 1609 707 1623 685 1609 683 1609 682 1609 680 1609 678 1609 639 1621 600 1605 598 1605 561 1605 559 1605 558 1605 556 1605 556 1607 540 1621 492 1611 490 1611 488 1611 459 1619 445 1607 443 1607 441 1607 439 1607 437 1607 397 1619 184 1607 182 1607 180 1607 178 1607 172 1611 172 1675"/></Shape>
            <String CONTENT="Ou vous auez clouë, comme ie crois, yint"
                    HPOS="170"
                    VPOS="1605"
                    WIDTH="1197"
                    HEIGHT="117"
                    WC="0.9782974865378403"></String>
          </TextLine>
          <TextLine ID="eSc_line_85c26baa"
                    TAGREFS="LT8"
                    BASELINE="162 1766 1141 1778 1263 1788" 
                    HPOS="160"
                    VPOS="1695"
                    WIDTH="1103"
                    HEIGHT="122">
            <Shape><Polygon POINTS="162 1766 160 1788 313 1789 364 1807 366 1807 368 1807 509 1793 556 1809 558 1809 559 1809 561 1809 596 1797 662 1811 664 1811 666 1811 699 1797 792 1797 823 1813 825 1813 827 1813 957 1799 1026 1815 1028 1817 1088 1817 1088 1815 1090 1815 1092 1815 1092 1813 1104 1803 1172 1817 1174 1817 1176 1817 1178 1817 1199 1803 1259 1809 1263 1788 1261 1718 1214 1722 1201 1710 1201 1708 1199 1708 1197 1708 1162 1708 1160 1708 1158 1708 1116 1722 1090 1706 1088 1706 1086 1706 1085 1706 1083 1706 1081 1706 1059 1722 968 1722 943 1704 941 1704 939 1704 937 1704 935 1704 933 1704 914 1718 831 1718 782 1718 767 1704 767 1702 765 1702 763 1702 649 1700 647 1700 569 1714 447 1704 445 1704 370 1712 352 1698 352 1697 350 1697 348 1697 346 1697 292 1706 261 1697 259 1697 257 1697 255 1697 228 1710 199 1695 197 1695 195 1695 193 1695 162 1706 162 1766"/></Shape>
            <String CONTENT="Et rendu mortzx la mort &amp; tout peché,"
                    HPOS="160"
                    VPOS="1695"
                    WIDTH="1103"
                    HEIGHT="122"
                    WC="0.975490330081237"></String>
          </TextLine>
          <TextLine ID="eSc_line_39ad0646"
                    TAGREFS="LT8"
                    BASELINE="170 1865 1207 1873" 
                    HPOS="168"
                    VPOS="1788"
                    WIDTH="1039"
                    HEIGHT="122">
            <Shape><Polygon POINTS="170 1865 168 1890 292 1902 294 1902 296 1902 298 1902 317 1890 346 1898 348 1898 350 1898 426 1888 486 1904 488 1904 490 1906 623 1906 623 1904 625 1904 652 1890 685 1906 687 1906 689 1908 738 1908 738 1906 740 1906 742 1906 742 1904 755 1892 846 1892 877 1906 879 1906 881 1906 941 1892 1001 1894 1013 1906 1013 1908 1015 1908 1017 1908 1019 1908 1077 1896 1102 1908 1104 1908 1106 1910 1205 1910 1207 1873 1201 1793 1170 1807 1156 1795 1156 1793 1154 1793 1152 1793 1150 1793 1149 1793 1112 1803 1102 1795 1102 1793 1100 1793 1098 1793 1096 1793 1094 1793 1092 1793 1067 1811 988 1809 949 1791 947 1791 945 1791 943 1791 941 1791 918 1811 800 1811 759 1791 757 1791 687 1791 685 1791 683 1791 651 1807 635 1791 635 1789 633 1789 631 1789 629 1789 558 1805 505 1789 503 1789 501 1789 499 1789 497 1789 466 1807 350 1807 331 1789 331 1788 329 1788 327 1788 296 1788 294 1788 292 1788 290 1788 290 1789 273 1805 170 1805 170 1865"/></Shape>
            <String CONTENT="Que ſouuent i’ay reprins &amp; detaché)"
                    HPOS="168"
                    VPOS="1788"
                    WIDTH="1039"
                    HEIGHT="122"
                    WC="0.9751332849264145"></String>
          </TextLine>
          <TextLine ID="eSc_line_84e32fcf"
                    TAGREFS="LT8"
                    BASELINE="162 1952 1036 1966" 
                    HPOS="160"
                    VPOS="1881"
                    WIDTH="876"
                    HEIGHT="120">
            <Shape><Polygon POINTS="162 1952 160 1972 286 1993 288 1993 401 1979 434 1995 435 1995 437 1995 565 1981 623 1997 625 1997 627 1997 705 1983 786 2001 788 2001 1034 1989 1036 1966 1034 1908 912 1888 910 1888 660 1902 571 1902 527 1882 525 1882 523 1882 441 1892 399 1881 397 1881 395 1881 393 1881 391 1881 391 1882 373 1896 162 1888 162 1952"/></Shape>
            <String CONTENT="Rompue l&#x27;ay, deniée &amp; faulſee,"
                    HPOS="160"
                    VPOS="1881"
                    WIDTH="876"
                    HEIGHT="120"
                    WC="0.9955966414943818"></String>
          </TextLine>
          <TextLine ID="eSc_line_ebdcb402"
                    TAGREFS="LT8"
                    BASELINE="162 2045 1073 2055" 
                    HPOS="160"
                    VPOS="1975"
                    WIDTH="913"
                    HEIGHT="113">
            <Shape><Polygon POINTS="162 2045 160 2067 195 2082 197 2082 199 2082 277 2070 288 2080 288 2082 290 2082 292 2082 294 2082 296 2082 337 2072 350 2084 352 2084 354 2084 356 2084 643 2072 660 2086 662 2086 664 2086 666 2086 806 2074 947 2088 949 2088 1071 2074 1073 2055 1073 1983 1024 1983 1023 1983 1021 1983 1019 1983 995 2001 957 2001 939 1985 939 1983 937 1983 935 1983 933 1983 931 1983 904 1997 891 1983 891 1981 889 1981 887 1981 829 1981 827 1981 825 1981 823 1981 802 1999 713 1999 695 1981 695 1979 693 1979 691 1979 689 1979 687 1979 641 1995 344 1975 342 1975 271 1993 209 1993 193 1979 193 1977 191 1977 189 1977 187 1977 186 1977 162 1989 162 2045"/></Shape>
            <String CONTENT="Ayant ſi fort ma volunté haulcée"
                    HPOS="160"
                    VPOS="1975"
                    WIDTH="913"
                    HEIGHT="113"
                    WC="0.9774056865888483"></String>
          </TextLine>
          <TextLine ID="eSc_line_57d71bd3"
                    TAGREFS="LT8"
                    BASELINE="160 2138 1145 2152" 
                    HPOS="160"
                    VPOS="2061"
                    WIDTH="985"
                    HEIGHT="128">
            <Shape><Polygon POINTS="1145 2088 1112 2076 1110 2076 1108 2076 1044 2088 1007 2074 1005 2074 1003 2074 1001 2074 966 2090 951 2074 951 2072 949 2072 947 2072 858 2070 856 2070 854 2070 852 2070 833 2082 776 2070 775 2070 685 2086 666 2070 664 2070 662 2070 660 2070 658 2070 643 2078 621 2068 620 2068 618 2068 616 2068 585 2086 554 2067 552 2067 550 2067 548 2067 490 2070 488 2070 486 2070 486 2072 470 2084 358 2072 356 2072 354 2072 352 2072 352 2074 342 2082 213 2082 162 2061 160 2138 162 2171 176 2161 257 2161 271 2173 271 2175 273 2175 275 2175 277 2175 327 2167 441 2181 443 2181 445 2181 478 2167 581 2183 583 2183 585 2183 621 2167 718 2167 736 2179 738 2179 740 2179 742 2179 811 2169 860 2187 862 2187 864 2187 866 2187 906 2171 1009 2189 1011 2189 1013 2189 1015 2189 1034 2177 1141 2181 1145 2152 1145 2088"/></Shape>
            <String CONTENT="Par vn orgueil plein d’indiſcretion,"
                    HPOS="160"
                    VPOS="2061"
                    WIDTH="985"
                    HEIGHT="128"
                    WC="0.9836129811074998"></String>
          </TextLine>
          <TextLine ID="eSc_line_317fd1bd"
                    TAGREFS="LT8"
                    BASELINE="168 2233 1057 2241" 
                    HPOS="166"
                    VPOS="2165"
                    WIDTH="891"
                    HEIGHT="111">
            <Shape><Polygon POINTS="168 2233 166 2254 220 2270 222 2270 224 2270 337 2258 439 2272 441 2272 604 2260 652 2272 654 2272 718 2274 720 2274 722 2274 724 2274 744 2262 943 2276 945 2276 947 2276 992 2264 1054 2276 1057 2241 1055 2189 961 2189 933 2175 931 2175 930 2175 866 2187 838 2169 837 2169 835 2169 833 2169 612 2185 538 2185 515 2167 513 2167 511 2167 443 2167 441 2167 439 2167 393 2183 354 2169 352 2169 350 2169 348 2169 346 2169 329 2181 306 2169 304 2169 302 2169 300 2169 267 2181 234 2165 232 2165 186 2165 184 2165 182 2165 180 2165 180 2167 168 2177 168 2233"/></Shape>
            <String CONTENT="Que mon debuoir &amp; obligation"
                    HPOS="166"
                    VPOS="2165"
                    WIDTH="891"
                    HEIGHT="111"
                    WC="0.9980838809694562"></String>
          </TextLine>
          <TextLine ID="eSc_line_fbfe3751"
                    TAGREFS="LT8"
                    BASELINE="162 2322 1071 2336" 
                    HPOS="160"
                    VPOS="2251"
                    WIDTH="911"
                    HEIGHT="122">
            <Shape><Polygon POINTS="162 2322 160 2347 178 2361 180 2361 182 2361 184 2361 186 2361 230 2347 315 2363 317 2363 370 2351 381 2361 381 2363 383 2363 385 2363 387 2363 389 2363 420 2351 513 2361 515 2361 517 2361 552 2351 674 2355 687 2369 689 2369 691 2369 693 2369 800 2355 813 2369 813 2371 815 2371 817 2371 819 2371 821 2371 868 2359 941 2373 943 2373 1069 2357 1071 2336 1071 2282 1028 2262 1026 2262 964 2262 962 2262 961 2262 959 2262 959 2264 941 2280 823 2280 806 2260 806 2258 804 2258 802 2258 800 2258 798 2258 759 2272 604 2256 602 2256 426 2272 420 2264 418 2264 418 2262 416 2262 414 2262 412 2262 366 2270 350 2256 350 2254 348 2254 346 2254 344 2254 342 2254 302 2270 242 2270 217 2251 215 2251 213 2251 211 2251 162 2252 162 2322"/></Shape>
            <String CONTENT="Eſtoit du tout oublié par pareſſe."
                    HPOS="160"
                    VPOS="2251"
                    WIDTH="911"
                    HEIGHT="122"
                    WC="0.9784760321889605"></String>
          </TextLine>
          <TextLine ID="eSc_line_b1d9c4cb"
                    TAGREFS="LT8"
                    BASELINE="168 2419 1216 2425" 
                    HPOS="166"
                    VPOS="2345"
                    WIDTH="1050"
                    HEIGHT="119">
            <Shape><Polygon POINTS="168 2419 166 2442 220 2460 222 2460 224 2462 346 2462 346 2460 348 2460 379 2446 472 2460 474 2460 476 2460 478 2460 496 2446 513 2462 515 2462 517 2462 519 2462 583 2448 689 2448 703 2462 705 2462 707 2462 709 2462 711 2462 761 2448 813 2462 815 2462 817 2462 819 2462 850 2452 889 2464 891 2464 893 2464 961 2450 1026 2464 1028 2464 1030 2464 1050 2454 1114 2464 1116 2464 1118 2464 1119 2464 1119 2462 1135 2450 1214 2450 1216 2425 1216 2367 1164 2367 1149 2351 1149 2349 1147 2349 1145 2349 1081 2349 1079 2349 1077 2349 1075 2349 1048 2367 875 2367 860 2351 860 2349 858 2349 856 2349 854 2349 852 2349 850 2349 831 2363 753 2351 751 2351 689 2363 672 2349 670 2349 668 2349 620 2347 618 2347 616 2347 569 2363 509 2345 507 2345 505 2345 445 2359 358 2345 356 2345 354 2345 352 2345 333 2361 313 2345 311 2345 310 2345 308 2345 224 2355 168 2345 168 2419"/></Shape>
            <String CONTENT="Et qui plus eſt, le bien dev la promeſſe,"
                    HPOS="166"
                    VPOS="2345"
                    WIDTH="1050"
                    HEIGHT="119"
                    WC="0.9659872578411568"></String>
          </TextLine>
          <TextLine ID="eSc_line_9b6a3e8b"
                    TAGREFS="LT8"
                    BASELINE="168 2514 1387 2524" 
                    HPOS="166"
                    VPOS="2446"
                    WIDTH="1221"
                    HEIGHT="111">
            <Shape><Polygon POINTS="168 2514 166 2533 211 2549 213 2549 215 2549 265 2539 410 2551 412 2551 466 2541 573 2541 589 2551 590 2551 592 2551 594 2551 596 2551 598 2551 610 2541 680 2541 689 2549 689 2551 691 2551 693 2551 695 2551 895 2541 964 2555 966 2555 1077 2543 1088 2553 1088 2555 1090 2555 1092 2555 1094 2555 1154 2545 1172 2557 1174 2557 1176 2557 1178 2557 1385 2547 1387 2524 1387 2456 168 2446 168 2514"/></Shape>
            <String CONTENT="Que i’eulz de vous le iour de mõ bapteſme,"
                    HPOS="166"
                    VPOS="2446"
                    WIDTH="1221"
                    HEIGHT="111"
                    WC="0.9922251368677893"></String>
          </TextLine>
          <TextLine ID="eSc_line_f707c115"
                    TAGREFS="LT8"
                    BASELINE="164 2601 1379 2619" 
                    HPOS="164"
                    VPOS="2530"
                    WIDTH="1215"
                    HEIGHT="125">
            <Shape><Polygon POINTS="164 2601 164 2638 215 2628 298 2642 494 2644 496 2644 556 2632 651 2646 652 2646 654 2646 685 2634 751 2648 753 2648 755 2648 788 2636 806 2648 807 2648 809 2648 811 2648 972 2638 1050 2650 1052 2650 1054 2650 1086 2640 1108 2650 1110 2650 1112 2650 1149 2642 1160 2652 1160 2653 1162 2653 1164 2653 1375 2655 1379 2619 1377 2543 1294 2555 1243 2541 1242 2541 1240 2541 1238 2541 1199 2555 1180 2541 1178 2541 1176 2541 1054 2539 1052 2539 1050 2539 1048 2539 1048 2541 1032 2557 999 2557 964 2537 962 2537 961 2537 879 2553 840 2535 838 2535 776 2535 775 2535 773 2535 771 2535 771 2537 755 2551 707 2533 705 2533 703 2533 701 2533 699 2533 676 2549 652 2533 651 2533 649 2533 647 2533 645 2533 612 2549 513 2539 511 2539 370 2545 325 2530 323 2530 321 2530 319 2530 267 2543 164 2537 164 2601"/></Shape>
            <String CONTENT="E voſtre amour:i? en ay faict tout demeſme,"
                    HPOS="164"
                    VPOS="2530"
                    WIDTH="1215"
                    HEIGHT="125"
                    WC="0.9540743716927462"></String>
          </TextLine>
          <TextLine ID="eSc_line_b19d14c1"
                    TAGREFS="LT8"
                    BASELINE="211 2704 1225 2707" 
                    HPOS="209"
                    VPOS="2626"
                    WIDTH="1017"
                    HEIGHT="169">
            <Shape><Polygon POINTS="1226 2652 1193 2655 1172 2638 1170 2638 1168 2638 1166 2638 1164 2638 1162 2638 1162 2640 1149 2652 1116 2642 1114 2642 1112 2642 1110 2642 1077 2652 1046 2630 1044 2630 1042 2630 933 2630 931 2630 930 2630 928 2630 928 2632 912 2644 866 2634 864 2634 862 2634 860 2634 860 2636 844 2648 804 2640 802 2640 800 2640 771 2650 749 2630 749 2628 747 2628 745 2628 744 2628 742 2628 689 2650 569 2628 567 2628 461 2640 379 2628 377 2628 375 2628 373 2628 350 2650 333 2638 331 2638 329 2638 327 2638 325 2638 279 2652 213 2626 211 2704 209 2758 310 2791 311 2791 313 2791 315 2791 341 2781 610 2791 612 2791 614 2791 651 2770 664 2781 666 2781 668 2781 670 2781 672 2781 697 2768 724 2779 726 2779 728 2779 730 2779 732 2779 757 2762 823 2793 825 2793 827 2795 875 2795 875 2793 877 2793 879 2793 920 2764 984 2781 986 2781 988 2781 990 2781 1079 2754 1225 2754"/></Shape>
            <String CONTENT="Que diray ie ! encores que ſouuent."
                    HPOS="209"
                    VPOS="2626"
                    WIDTH="1017"
                    HEIGHT="169"
                    WC="0.9696802028587886"></String>
          </TextLine>
        </TextBlock>
        <TextBlock HPOS="1344"
                   VPOS="581"
                   WIDTH="281"
                   HEIGHT="137"
                   ID="eSc_textblock_11a2d301"
                   TAGREFS="BT13">
          <Shape><Polygon POINTS="1344 581 1344 718 1625 718 1625 581"/></Shape>
          <TextLine ID="eSc_line_c4e3d65e"
                    TAGREFS="LT8"
                    BASELINE="1369 657 1588 660" 
                    HPOS="1369"
                    VPOS="577"
                    WIDTH="219"
                    HEIGHT="135">
            <Shape><Polygon POINTS="1369 689 1426 689 1451 710 1453 710 1455 710 1457 712 1569 712 1569 710 1571 710 1573 710 1586 699 1588 660 1586 608 1569 606 1515 606 1433 577 1431 577 1429 577 1370 583"/></Shape>
            <String CONTENT="Iehany."
                    HPOS="1369"
                    VPOS="577"
                    WIDTH="219"
                    HEIGHT="135"
                    WC="0.9063858134405953"></String>
          </TextLine>
        </TextBlock>
        <TextBlock HPOS="1301"
                   VPOS="1117"
                   WIDTH="328"
                   HEIGHT="123"
                   ID="eSc_textblock_bcee6ebb"
                   TAGREFS="BT13">
          <Shape><Polygon POINTS="1301 1117 1301 1240 1629 1240 1629 1117"/></Shape>
          <TextLine ID="eSc_line_3086f4eb"
                    TAGREFS="LT8"
                    BASELINE="1344 1211 1598 1199" 
                    HPOS="1341"
                    VPOS="1139"
                    WIDTH="257"
                    HEIGHT="110">
            <Shape><Polygon POINTS="1476 1139 1480 1139 1515 1150 1557 1139 1563 1139 1596 1152 1598 1199 1596 1235 1389 1235 1350 1249 1346 1249 1346 1249 1341 1146"/></Shape>
            <String CONTENT="Pfal.is."
                    HPOS="1341"
                    VPOS="1139"
                    WIDTH="257"
                    HEIGHT="110"
                    WC="0.9376592487096786"></String>
          </TextLine>
        </TextBlock>
        <TextBlock HPOS="1315"
                   VPOS="1416"
                   WIDTH="342"
                   HEIGHT="184"
                   ID="eSc_textblock_75f2f296"
                   TAGREFS="BT13">
          <Shape><Polygon POINTS="1315 1416 1315 1600 1657 1600 1657 1416"/></Shape>
          <TextLine ID="eSc_line_2638ba05"
                    TAGREFS="LT8"
                    BASELINE="1350 1495 1619 1501" 
                    HPOS="1348"
                    VPOS="1421"
                    WIDTH="271"
                    HEIGHT="109">
            <Shape><Polygon POINTS="1602 1429 1583 1423 1569 1421 1350 1425 1350 1495 1348 1522 1435 1516 1592 1530 1594 1530 1596 1530 1617 1518 1619 1501 1619 1443 1602 1429"/></Shape>
            <String CONTENT="R0.6.s."
                    HPOS="1348"
                    VPOS="1421"
                    WIDTH="271"
                    HEIGHT="109"
                    WC="0.9324361767087664"></String>
          </TextLine>
          <TextLine ID="eSc_line_a88da0af"
                    TAGREFS="LT8"
                    BASELINE="1362 1557 1588 1561" 
                    HPOS="1360"
                    VPOS="1501"
                    WIDTH="228"
                    HEIGHT="114">
            <Shape><Polygon POINTS="1362 1557 1360 1607 1472 1592 1584 1615 1588 1561 1586 1518 1488 1518 1474 1503 1474 1501 1472 1501 1470 1501 1468 1501 1362 1507 1362 1557"/></Shape>
            <String CONTENT="Pſal.43."
                    HPOS="1360"
                    VPOS="1501"
                    WIDTH="228"
                    HEIGHT="114"
                    WC="0.8489523828029633"></String>
          </TextLine>
        </TextBlock>
        <TextBlock HPOS="1319"
                   VPOS="1722"
                   WIDTH="295"
                   HEIGHT="112"
                   ID="eSc_textblock_db35d134"
                   TAGREFS="BT13">
          <Shape><Polygon POINTS="1319 1722 1319 1834 1614 1834 1614 1722"/></Shape>
          <TextLine ID="eSc_line_a11ddc09"
                    TAGREFS="LT8"
                    BASELINE="1344 1793 1575 1801" 
                    HPOS="1342"
                    VPOS="1704"
                    WIDTH="233"
                    HEIGHT="134">
            <Shape><Polygon POINTS="1342 1817 1459 1838 1460 1838 1573 1832 1575 1801 1575 1739 1526 1724 1524 1724 1522 1724 1521 1724 1476 1735 1453 1714 1453 1712 1451 1712 1449 1712 1346 1704 1344 1793 1342 1817"/></Shape>
            <String CONTENT="Rom.s."
                    HPOS="1342"
                    VPOS="1704"
                    WIDTH="233"
                    HEIGHT="134"
                    WC="0.8806410282850266"></String>
          </TextLine>
        </TextBlock>
        <TextBlock HPOS="1312"
                   VPOS="2324"
                   WIDTH="324"
                   HEIGHT="133"
                   ID="eSc_textblock_225b646f"
                   TAGREFS="BT13">
          <Shape><Polygon POINTS="1312 2324 1312 2457 1636 2457 1636 2324"/></Shape>
          <TextLine ID="eSc_line_cc0842a5"
                    TAGREFS="LT8"
                    BASELINE="1340 2411 1608 2406" 
                    HPOS="1338"
                    VPOS="2332"
                    WIDTH="270"
                    HEIGHT="136">
            <Shape><Polygon POINTS="1592 2344 1424 2332 1422 2332 1338 2351 1340 2411 1340 2444 1426 2444 1459 2468 1460 2468 1462 2468 1464 2468 1532 2458 1606 2464 1608 2406 1604 2357 1592 2344"/></Shape>
            <String CONTENT="Mare..6"
                    HPOS="1338"
                    VPOS="2332"
                    WIDTH="270"
                    HEIGHT="136"
                    WC="0.8994284357343402"></String>
          </TextLine>
        </TextBlock>
        <TextBlock HPOS="1139"
                   VPOS="2741"
                   WIDTH="173"
                   HEIGHT="105"
                   ID="eSc_textblock_f2487a76"
                   TAGREFS="BT15">
          <Shape><Polygon POINTS="1139 2741 1139 2846 1312 2846 1312 2741"/></Shape>
          <TextLine ID="eSc_line_43f6645a"
                    TAGREFS="LT8"
                    BASELINE="1174 2808 1251 2810" 
                    HPOS="1170"
                    VPOS="2737"
                    WIDTH="81"
                    HEIGHT="174">
            <Shape><Polygon POINTS="1174 2808 1170 2909 1245 2911 1251 2810 1249 2737 1174 2741 1174 2808"/></Shape>
            <String CONTENT="33"
                    HPOS="1170"
                    VPOS="2737"
                    WIDTH="81"
                    HEIGHT="174"
                    WC="0.8007878065109253"></String>
          </TextLine>
        </TextBlock>
      </PrintSpace>
    </Page>
  </Layout>
</alto>
