2133 3487
844 348 1122 118 Mais vous tuez: ſans eſpargner aulcun

863 441 1194 126 De * vint trois mil, que vous feiſtes defaire.

842 530 1230 122 Cõmandemẽt Dieu par vous nous feit faire

836 625 982 120 De n'eſpouſer fille de l'eſtranger:

840 718 1221 126 Mais voſtre eſpouſe en prinſtes, ſans dãger.

854 819 1120 110 Las mon frere tant de telles parolles,

848 908 1172 118 Que ie cognois, & ſçay bien eſtre folles,

846 1003 1118 116 Auec Aaron (qui eſt mon propre ſens)

854 1092 1171 120 Ie vous ay dict: dont le regret i'en ſentz.

852 1189 1090 110 Mais par grace la viue voix de Dieu

842 1278 1103 118 Bien me reprint, auant partir du lieu.

844 1373 1084 116 Que feiſtes vous alors? de mon peché

846 1466 1064 120 Las mon frere vous fuſtes empeſché:

838 1561 1093 116 Non pour prier * pour ma punition,

848 1656 1083 112 Mais pour mon bien, & ma remißion:

838 1755 1094 110 En demandant pour treſgrand benefice,

844 1840 1087 120 Qu'il pleuſt à Dieu mitiguer ſa iuſtice:

844 1939 1087 116 Ce que du tout ne pœuſtes obtenir,

836 2032 1095 112 Car me conuint lepreuſe deuenir:

844 2123 1087 118 A celle fin qu'en voyant mon viſaige,

848 2220 1083 114 Chaſcun cogneut que n'auois eſté ſaige.

877 2311 1009 118 Ainſi ie fuz miſe comme ladreſſe,

836 2402 1188 122 Hors dés tentes du peuple, & de la preſſe:

833 2500 1191 117 Car mieulx ne poeut vne ame eſtre punie,

840 2593 1115 202 Que deſloingner la ſaincte compaignie

604 449 246 114 Exod.32

602 1602 231 124 Nõb.12.
