<?xml version="1.0" encoding="UTF-8"?>
<alto xmlns:xsi="http://www.w3.org/2001/XMLSchema-instance"
      xmlns="http://www.loc.gov/standards/alto/ns-v4#"
      xsi:schemaLocation="http://www.loc.gov/standards/alto/ns-v4# http://www.loc.gov/standards/alto/v4/alto-4-2.xsd">
  <Description>
    <MeasurementUnit>pixel</MeasurementUnit>
    <sourceImageInformation>
      <fileName>PSALMES____de_Dauid____[...]_btv1b10091180g_page-0114_1.jpg</fileName>
    </sourceImageInformation>
  </Description>
  <Tags>
    <OtherTag ID="BT7" LABEL="CustomZone" DESCRIPTION="block type CustomZone"/><OtherTag ID="BT8" LABEL="DamageZone" DESCRIPTION="block type DamageZone"/><OtherTag ID="BT9" LABEL="DigitizationArtefactZone" DESCRIPTION="block type DigitizationArtefactZone"/><OtherTag ID="BT10" LABEL="DropCapitalZone" DESCRIPTION="block type DropCapitalZone"/><OtherTag ID="BT11" LABEL="GraphicZone" DESCRIPTION="block type GraphicZone"/><OtherTag ID="BT12" LABEL="MainZone" DESCRIPTION="block type MainZone"/><OtherTag ID="BT13" LABEL="MarginTextZone" DESCRIPTION="block type MarginTextZone"/><OtherTag ID="BT14" LABEL="MusicZone" DESCRIPTION="block type MusicZone"/><OtherTag ID="BT15" LABEL="NumberingZone" DESCRIPTION="block type NumberingZone"/><OtherTag ID="BT17" LABEL="QuireMarksZone" DESCRIPTION="block type QuireMarksZone"/><OtherTag ID="BT18" LABEL="RunningTitleZone" DESCRIPTION="block type RunningTitleZone"/><OtherTag ID="BT19" LABEL="SealZone" DESCRIPTION="block type SealZone"/><OtherTag ID="BT20" LABEL="StampZone" DESCRIPTION="block type StampZone"/><OtherTag ID="BT21" LABEL="TableZone" DESCRIPTION="block type TableZone"/><OtherTag ID="BT22" LABEL="TitlePageZone" DESCRIPTION="block type TitlePageZone"/>
    <OtherTag ID="LT7" LABEL="CustomLine" DESCRIPTION="line type CustomLine"/><OtherTag ID="LT8" LABEL="DefaultLine" DESCRIPTION="line type DefaultLine"/><OtherTag ID="LT9" LABEL="DropCapitalLine" DESCRIPTION="line type DropCapitalLine"/><OtherTag ID="LT10" LABEL="HeadingLine" DESCRIPTION="line type HeadingLine"/><OtherTag ID="LT11" LABEL="InterlinearLine" DESCRIPTION="line type InterlinearLine"/><OtherTag ID="LT12" LABEL="MusicLine" DESCRIPTION="line type MusicLine"/><OtherTag ID="LT1071" LABEL="default" DESCRIPTION="line type default"/><OtherTag ID="LT1072" LABEL="default" DESCRIPTION="line type default"/>
  </Tags>
  <Layout>
    <Page WIDTH="2133"
          HEIGHT="3487"
          PHYSICAL_IMG_NR="87"
          ID="eSc_dummypage_">
      <PrintSpace HPOS="0"
                  VPOS="0"
                  WIDTH="2133"
                  HEIGHT="3487">
        <TextBlock HPOS="795"
                   VPOS="348"
                   WIDTH="1304"
                   HEIGHT="2370"
                   ID="eSc_textblock_21d4538b"
                   TAGREFS="BT12">
          <Shape><Polygon POINTS="795 348 795 2718 2099 2718 2076 348"/></Shape>
          <TextLine ID="eSc_line_33388c87"
                    TAGREFS="LT8"
                    BASELINE="879 432 2009 428" 
                    HPOS="877"
                    VPOS="319"
                    WIDTH="1132"
                    HEIGHT="134">
            <Shape><Polygon POINTS="2001 339 1981 329 1962 323 1956 323 1912 331 1900 323 1885 323 1865 323 1846 323 1828 323 1807 340 1704 340 1675 321 1671 321 1652 321 1633 321 1586 327 1571 321 1555 321 1549 321 1530 340 1474 340 1460 327 1458 327 1456 327 1454 327 1452 327 1423 339 1406 321 1406 319 1404 319 1402 319 1400 319 1381 319 1363 319 1361 319 1360 319 1315 339 1170 319 1168 319 1166 319 1112 340 926 329 924 329 922 329 881 340 877 348 879 432 879 447 2005 453 2009 428 2007 342 2001 339"/></Shape>
            <String CONTENT="Tu ne prendr ã, luy faſail defhommeilſe"
                    HPOS="877"
                    VPOS="319"
                    WIDTH="1132"
                    HEIGHT="134"
                    WC="0.9720104649662972"></String>
          </TextLine>
          <TextLine ID="eSc_line_fd375c22"
                    TAGREFS="LT8"
                    BASELINE="883 524 1923 524" 
                    HPOS="883"
                    VPOS="433"
                    WIDTH="1040"
                    HEIGHT="124">
            <Shape><Polygon POINTS="883 524 883 544 910 555 912 555 914 557 1048 557 1048 555 1050 555 1051 555 1071 542 1094 555 1096 555 1098 555 1377 542 1474 552 1476 552 1923 544 1923 524 1923 437 1753 433 1751 433 1749 433 1747 433 1731 445 1714 433 1712 433 1710 433 1708 433 1706 433 1664 447 1573 435 1571 435 1569 435 1532 455 1418 455 1392 433 1391 433 1389 433 1387 433 1385 433 1325 451 1247 437 1245 437 1243 437 1241 437 1241 439 1228 451 1210 437 1210 435 1208 435 1206 435 1164 433 1162 433 1160 433 1158 433 1131 455 1046 455 1032 441 1032 439 1030 439 1028 439 1026 439 1024 439 995 447 920 435 918 435 916 435 883 451 883 524"/></Shape>
            <String CONTENT="Cat le Selgneier dhnbcellt ne tieidra,"
                    HPOS="883"
                    VPOS="433"
                    WIDTH="1040"
                    HEIGHT="124"
                    WC="0.9064939469099045"></String>
          </TextLine>
          <TextLine ID="eSc_line_e2927a37"
                    TAGREFS="LT8"
                    BASELINE="887 623 2045 616" 
                    HPOS="885"
                    VPOS="524"
                    WIDTH="1160"
                    HEIGHT="124">
            <Shape><Polygon POINTS="1854 526 1834 526 1815 526 1795 526 1776 526 1757 526 1737 526 1718 526 1699 526 1679 526 1660 526 1658 526 1656 526 1654 526 1644 536 1633 526 1631 526 1629 526 1621 526 1602 526 1582 526 1563 526 1544 526 1524 526 1511 526 1509 526 1507 526 1505 526 1505 528 1495 536 1298 528 1296 528 1294 528 1292 528 1292 530 1270 552 1172 554 1113 554 1079 532 1077 532 1075 532 1073 532 1071 532 1036 552 1020 536 1020 534 1019 534 1017 534 1015 534 1013 534 976 554 885 554 887 623 887 641 1133 648 1135 648 1137 648 1139 648 1156 637 1263 645 1265 645 1267 645 1284 635 1296 647 1298 647 1299 647 1301 647 1354 637 1377 647 1379 647 1381 647 1383 647 1408 633 1582 633 1642 645 1644 645 1739 635 1797 643 1799 643 1801 643 1826 631 1836 641 1836 643 1838 643 1840 643 1842 643 1898 633 2041 643 2045 616 2041 548 2010 548 1987 526 1987 524 1985 524 1983 524 1939 524 1937 524 1935 524 1933 524 1914 538 1871 526 1854 526"/></Shape>
            <String CONTENT="Quicõque, en vain le Non de liiy prelra"
                    HPOS="885"
                    VPOS="524"
                    WIDTH="1160"
                    HEIGHT="124"
                    WC="0.9540423423051834"></String>
          </TextLine>
          <TextLine ID="eSc_line_68656b1d"
                    TAGREFS="LT8"
                    BASELINE="829 712 1859 705" 
                    HPOS="827"
                    VPOS="619"
                    WIDTH="1032"
                    HEIGHT="126">
            <Shape><Polygon POINTS="1664 619 1662 619 1627 633 1578 621 1576 621 1447 621 1427 621 1408 621 1391 621 1389 621 1387 621 1385 621 1375 631 1354 621 1352 621 1350 621 1348 621 1346 621 1346 623 1332 637 1321 627 1321 625 1319 625 1317 625 1315 625 1313 625 1311 625 1299 633 1276 623 1274 623 1272 623 1270 623 1268 623 1241 647 1150 647 1139 635 1139 633 1137 633 1135 633 1133 633 1131 633 1108 645 931 637 929 637 927 637 926 637 914 648 829 648 827 656 829 712 829 732 852 745 854 745 856 745 858 745 896 730 1034 743 1036 743 1106 728 1175 741 1177 741 1179 741 1181 741 1199 728 1274 740 1276 740 1278 740 1315 728 1332 743 1334 743 1336 743 1338 743 1447 726 1472 741 1474 741 1476 741 1478 741 1526 740 1528 740 1530 740 1549 726 1644 740 1646 740 1859 730 1859 705 1857 633 1830 619 1828 619 1826 619 1824 619 1786 631 1666 619 1664 619"/></Shape>
            <String CONTENT="4 Souuuenne toy ayant fermé plopoi"
                    HPOS="827"
                    VPOS="619"
                    WIDTH="1032"
                    HEIGHT="126"
                    WC="0.9743868487221854"></String>
          </TextLine>
          <TextLine ID="eSc_line_d702b218"
                    TAGREFS="LT8"
                    BASELINE="885 807 1838 800" 
                    HPOS="883"
                    VPOS="712"
                    WIDTH="955"
                    HEIGHT="132">
            <Shape><Polygon POINTS="885 807 885 821 976 834 978 834 1038 827 1061 844 1063 844 1065 844 1067 844 1272 842 1274 842 1276 842 1276 840 1288 829 1400 817 1520 831 1522 831 1524 831 1526 831 1542 817 1596 831 1598 831 1600 831 1602 831 1640 815 1675 827 1677 827 1679 827 1681 827 1704 815 1834 827 1838 800 1832 718 1739 728 1718 714 1716 714 1714 714 1712 714 1648 728 1606 712 1604 712 1544 712 1542 712 1540 712 1538 712 1514 732 1482 732 1445 712 1443 712 1441 712 1299 732 1257 714 1255 714 1253 714 1195 726 1092 716 1090 716 991 734 974 718 974 716 972 716 970 716 893 716 891 716 889 716 887 716 887 718 885 718 883 720 885 807"/></Shape>
            <String CONTENT="Saictifier le ſainct ioir dir rebos:"
                    HPOS="883"
                    VPOS="712"
                    WIDTH="955"
                    HEIGHT="132"
                    WC="0.9719569368494881"></String>
          </TextLine>
          <TextLine ID="eSc_line_ad8b4421"
                    TAGREFS="LT8"
                    BASELINE="895 900 2034 900" 
                    HPOS="895"
                    VPOS="805"
                    WIDTH="1139"
                    HEIGHT="126">
            <Shape><Polygon POINTS="895 900 895 922 1135 929 1137 929 1139 929 1141 929 1156 920 1301 920 1361 929 1363 929 1365 929 1367 929 1381 920 1441 929 1443 931 1443 929 1503 920 1555 929 1557 929 1559 929 1561 929 1576 920 1602 929 1604 929 1606 929 1607 929 1637 920 1668 929 1669 929 1671 929 1673 929 1697 920 1830 920 1840 927 1840 929 1842 929 1844 929 1846 931 2034 931 2034 900 2034 817 2016 805 2014 805 2012 805 1859 805 1857 805 1855 805 1815 817 1755 813 1753 813 1751 813 1749 813 1718 831 1697 811 1697 809 1695 809 1693 809 1640 805 1638 805 1637 805 1598 821 1569 807 1567 807 1565 807 1563 807 1561 807 1561 809 1547 821 1462 805 1460 805 1410 807 1408 807 1406 807 1406 809 1381 834 1352 834 1325 813 1323 813 1321 813 1319 813 1317 813 1265 834 1075 834 1044 811 1042 811 1040 811 1038 811 895 833 895 900"/></Shape>
            <String CONTENT="Six iours entiers( ſans plus )traialllerat,"
                    HPOS="895"
                    VPOS="805"
                    WIDTH="1139"
                    HEIGHT="126"
                    WC="0.9323254407838334"></String>
          </TextLine>
          <TextLine ID="eSc_line_63fc995c"
                    TAGREFS="LT8"
                    BASELINE="896 993 2022 986" 
                    HPOS="895"
                    VPOS="908"
                    WIDTH="1127"
                    HEIGHT="112">
            <Shape><Polygon POINTS="896 993 896 1020 1788 1020 1788 1018 1790 1018 1792 1018 1792 1017 1801 1009 1828 1018 1830 1018 1832 1018 1966 1009 1991 1018 1993 1018 1995 1018 1997 1018 2022 1005 2022 986 2018 925 1747 908 1745 908 1673 910 1671 910 1669 910 1669 912 1652 925 1507 910 1505 910 1503 910 1501 910 1501 912 1487 925 1452 912 1451 912 1449 912 1447 912 1445 912 1425 927 1247 914 1245 914 1243 914 1191 927 1088 914 1086 914 1084 914 1042 929 1009 914 1007 914 1005 914 1003 914 1001 914 1001 916 989 925 912 918 910 918 908 918 906 918 895 925 896 993"/></Shape>
            <String CONTENT="Toüte ton ceuure, &amp;x labeur tu ferarc ?"
                    HPOS="895"
                    VPOS="908"
                    WIDTH="1127"
                    HEIGHT="112"
                    WC="0.9639188967645168"></String>
          </TextLine>
          <TextLine ID="eSc_line_482d6976"
                    TAGREFS="LT8"
                    BASELINE="887 1088 1947 1088" 
                    HPOS="887"
                    VPOS="1005"
                    WIDTH="1060"
                    HEIGHT="116">
            <Shape><Polygon POINTS="887 1088 887 1111 982 1119 984 1119 986 1119 1024 1108 1040 1117 1042 1117 1044 1117 1046 1117 1048 1117 1050 1117 1050 1115 1059 1108 1164 1108 1174 1115 1174 1117 1175 1117 1177 1117 1179 1117 1257 1108 1317 1119 1319 1119 1321 1119 1361 1108 1389 1119 1391 1119 1392 1119 1394 1119 1396 1119 1410 1108 1474 1108 1499 1119 1501 1119 1503 1121 1596 1121 1596 1119 1598 1119 1600 1119 1613 1110 1706 1119 1708 1119 1852 1108 1919 1119 1921 1119 1923 1119 1947 1108 1947 1088 1947 1024 1846 1020 1828 1005 1826 1005 1824 1005 1823 1005 1747 1017 1687 1005 1685 1005 1683 1005 1681 1005 1681 1007 1668 1017 1654 1005 1652 1005 1650 1005 1468 1005 1466 1005 1464 1005 1462 1005 1443 1018 1412 1005 1410 1005 1408 1005 1406 1005 1379 1018 1327 1011 1325 1011 1323 1011 1286 1022 1263 1011 1261 1011 1259 1011 1195 1022 1158 1007 1156 1007 1154 1007 1152 1007 1150 1007 1133 1020 1113 1011 1112 1011 1110 1011 1108 1011 1106 1011 1106 1013 1094 1024 976 1024 924 1007 922 1007 920 1007 918 1007 887 1022 887 1088"/></Shape>
            <String CONTENT="Durant iceic: mais le ſepllefiue tour,"
                    HPOS="887"
                    VPOS="1005"
                    WIDTH="1060"
                    HEIGHT="116"
                    WC="0.9685387768243489"></String>
          </TextLine>
          <TextLine ID="eSc_line_03d81f8f"
                    TAGREFS="LT8"
                    BASELINE="893 1179 2022 1185" 
                    HPOS="891"
                    VPOS="1100"
                    WIDTH="1131"
                    HEIGHT="120">
            <Shape><Polygon POINTS="893 1179 891 1201 931 1214 933 1214 935 1214 937 1214 960 1203 976 1216 978 1216 980 1216 982 1216 1197 1203 1210 1214 1210 1216 1212 1216 1214 1216 1216 1216 1267 1208 1301 1218 1303 1218 1305 1220 1414 1220 1414 1218 1416 1218 1456 1204 1493 1218 1495 1218 1497 1218 1582 1204 1598 1216 1598 1218 1600 1218 1602 1218 1604 1218 1671 1206 1735 1220 1737 1220 1792 1208 1823 1220 1824 1220 1826 1220 1828 1220 1859 1206 1871 1218 1873 1218 1875 1218 1877 1218 1879 1218 1902 1206 1921 1218 1923 1218 1925 1218 1927 1218 1929 1218 1931 1218 1931 1216 1943 1206 2020 1206 2022 1185 2022 1121 1983 1104 1981 1104 1933 1104 1931 1104 1929 1104 1927 1104 1906 1117 1739 1104 1737 1104 1735 1104 1693 1117 1528 1106 1526 1106 1524 1106 1522 1106 1505 1119 1458 1119 1439 1102 1437 1102 1435 1102 1433 1102 1431 1102 1379 1117 1327 1102 1325 1102 1323 1102 1321 1102 1319 1102 1301 1115 1247 1106 1245 1106 1195 1115 1179 1104 1177 1104 1175 1104 1174 1104 1172 1104 1125 1115 1094 1100 1092 1100 1090 1100 1088 1100 1086 1100 1067 1111 1011 1100 1009 1100 1007 1100 1005 1100 988 1113 978 1106 978 1104 976 1104 974 1104 972 1104 893 1113 893 1179"/></Shape>
            <String CONTENT="C&#x27;eſt de ton Dieu le repos, &amp; ſeiolgrii, &amp;"
                    HPOS="891"
                    VPOS="1100"
                    WIDTH="1131"
                    HEIGHT="120"
                    WC="0.9472412843079794"></String>
          </TextLine>
          <TextLine ID="eSc_line_2914baa1"
                    TAGREFS="LT8"
                    BASELINE="898 1274 1726 1272 2022 1280" 
                    HPOS="896"
                    VPOS="1206"
                    WIDTH="1126"
                    HEIGHT="105">
            <Shape><Polygon POINTS="898 1274 896 1296 982 1296 1003 1309 1005 1309 1007 1309 1009 1311 1044 1311 1044 1309 1046 1309 1048 1309 1048 1307 1061 1297 1077 1309 1079 1309 1081 1309 1082 1309 1084 1309 1139 1296 1172 1309 1174 1309 1175 1309 1377 1299 1429 1309 1431 1309 1433 1309 1474 1296 1565 1305 1567 1305 1569 1305 1602 1296 1635 1309 1637 1309 1638 1309 2020 1296 2022 1280 2020 1210 898 1206 898 1274"/></Shape>
            <String CONTENT="Tu ne ferag aucuine cœeuure ſeruile? n s"
                    HPOS="896"
                    VPOS="1206"
                    WIDTH="1126"
                    HEIGHT="105"
                    WC="0.9476897470653057"></String>
          </TextLine>
          <TextLine ID="eSc_line_a55c1d9a"
                    TAGREFS="LT8"
                    BASELINE="887 1369 1774 1367 2016 1375" 
                    HPOS="885"
                    VPOS="1290"
                    WIDTH="1131"
                    HEIGHT="116">
            <Shape><Polygon POINTS="887 1369 885 1392 980 1392 995 1404 997 1404 999 1404 1001 1406 1199 1406 1199 1404 1201 1404 1203 1404 1222 1392 1263 1404 1265 1404 1267 1404 1410 1392 1493 1404 1495 1404 1573 1392 1881 1404 1883 1404 1945 1392 1978 1404 1979 1404 1981 1404 1983 1404 2014 1390 2016 1375 2014 1309 1840 1309 1819 1290 1817 1290 1815 1290 1743 1290 1741 1290 1739 1290 1737 1290 1737 1292 1718 1307 1677 1296 1675 1296 1673 1296 1576 1307 1532 1290 1530 1290 1528 1290 1146 1307 1104 1290 1102 1290 1100 1290 1098 1290 1044 1305 1022 1290 1020 1290 1019 1290 1017 1290 1015 1290 984 1303 926 1296 924 1296 922 1296 887 1307 887 1369"/></Shape>
            <String CONTENT="En içellin, toy, ton filz,ne ta fillen: C"
                    HPOS="885"
                    VPOS="1290"
                    WIDTH="1131"
                    HEIGHT="116"
                    WC="0.958667136373974"></String>
          </TextLine>
          <TextLine ID="eSc_line_33f46b5d"
                    TAGREFS="LT8"
                    BASELINE="896 1458 2010 1462" 
                    HPOS="895"
                    VPOS="1387"
                    WIDTH="1115"
                    HEIGHT="112">
            <Shape><Polygon POINTS="896 1458 895 1481 939 1493 941 1493 1013 1485 1024 1495 1024 1497 1026 1497 1028 1497 1030 1497 1158 1485 1181 1497 1183 1497 1185 1497 1394 1487 1493 1499 1495 1499 1604 1487 1697 1499 1699 1499 1885 1487 1914 1499 1916 1499 1917 1499 1919 1499 1921 1499 1937 1489 1945 1495 1945 1497 1947 1497 1948 1497 1950 1497 2009 1485 2010 1462 2009 1404 1941 1388 1939 1388 1830 1398 1805 1388 1803 1388 1801 1388 1799 1388 1759 1402 1720 1388 1718 1388 1716 1388 1714 1388 1712 1388 1695 1404 1567 1404 1553 1390 1553 1388 1551 1388 1549 1388 1505 1388 1503 1388 1501 1388 1499 1388 1480 1402 1443 1388 1441 1388 1439 1388 1385 1400 1338 1387 1336 1387 1334 1387 1332 1387 1330 1387 1330 1388 1315 1402 1208 1402 1179 1387 1177 1387 1175 1387 1174 1387 1143 1400 1110 1387 1108 1387 1059 1387 1057 1387 1055 1387 1053 1387 1053 1388 1040 1402 964 1402 951 1388 951 1387 949 1387 947 1387 945 1387 896 1396 896 1458"/></Shape>
            <String CONTENT="Ton ſeruiteur, ton ſerf, ne ta ſeruante. 2"
                    HPOS="895"
                    VPOS="1387"
                    WIDTH="1115"
                    HEIGHT="112"
                    WC="0.9730552009173802"></String>
          </TextLine>
          <TextLine ID="eSc_line_7eba4246"
                    TAGREFS="LT8"
                    BASELINE="889 1555 2014 1555" 
                    HPOS="889"
                    VPOS="1481"
                    WIDTH="1125"
                    HEIGHT="111">
            <Shape><Polygon POINTS="889 1555 889 1574 933 1574 960 1590 962 1590 964 1590 966 1592 1119 1592 1119 1590 1121 1590 1123 1590 1123 1588 1139 1574 1185 1590 1187 1590 1189 1592 1267 1592 1267 1590 1268 1590 1270 1590 1270 1588 1288 1574 1344 1590 1346 1590 1348 1592 1435 1592 1435 1590 1437 1590 1439 1590 1462 1574 1607 1574 1627 1590 1629 1590 1631 1590 1633 1592 1683 1592 1683 1590 1685 1590 1687 1590 1687 1588 1702 1574 1772 1574 1805 1590 1807 1590 1809 1590 1811 1590 1859 1574 2012 1584 2014 1555 2014 1497 1908 1481 1821 1481 1819 1481 1817 1481 1780 1497 1584 1497 1569 1483 1567 1483 1565 1483 1563 1483 1561 1483 1511 1495 1447 1481 1445 1481 1443 1481 1441 1481 1423 1495 1385 1481 1383 1481 1381 1481 1379 1481 1348 1495 1259 1481 1257 1481 1255 1481 1253 1481 1236 1497 1160 1497 1092 1481 1090 1481 1088 1481 1086 1481 1067 1495 1030 1481 1028 1481 1026 1481 968 1491 910 1481 908 1481 906 1481 904 1481 889 1491 889 1555"/></Shape>
            <String CONTENT="Ne l&#x27;eſtrangier, qui en tés portes hante,"
                    HPOS="889"
                    VPOS="1481"
                    WIDTH="1125"
                    HEIGHT="111"
                    WC="0.985551594268708"></String>
          </TextLine>
          <TextLine ID="eSc_line_a1304d3e"
                    TAGREFS="LT8"
                    BASELINE="889 1650 2024 1650" 
                    HPOS="889"
                    VPOS="1574"
                    WIDTH="1135"
                    HEIGHT="107">
            <Shape><Polygon POINTS="889 1650 889 1667 1038 1667 1050 1677 1050 1679 1051 1679 1053 1679 1055 1679 1212 1669 1360 1677 1361 1677 1483 1667 1499 1679 1501 1679 1503 1679 1505 1681 1563 1681 1563 1679 1565 1679 1567 1679 1567 1677 1578 1667 1662 1667 1671 1677 1671 1679 1673 1679 1675 1679 1677 1679 1792 1667 2022 1669 2024 1650 2024 1586 1491 1574 1489 1574 1340 1584 1315 1574 1313 1574 1311 1574 1189 1584 1121 1574 1119 1574 1117 1574 1115 1574 1102 1586 984 1586 949 1574 947 1574 945 1574 889 1584 889 1650"/></Shape>
            <String CONTENT="Tar en fix iours le Seigneu glorieix &amp;"
                    HPOS="889"
                    VPOS="1574"
                    WIDTH="1135"
                    HEIGHT="107"
                    WC="0.9798806231272849"></String>
          </TextLine>
          <TextLine ID="eSc_line_3092c0cb"
                    TAGREFS="LT8"
                    BASELINE="889 1741 2034 1745" 
                    HPOS="887"
                    VPOS="1662"
                    WIDTH="1147"
                    HEIGHT="116">
            <Shape><Polygon POINTS="889 1741 887 1772 1139 1774 1141 1774 1143 1774 1179 1762 1267 1774 1268 1774 1270 1774 1272 1774 1288 1762 1346 1772 1348 1772 1350 1772 1373 1762 1402 1772 1404 1772 1406 1772 1452 1762 1509 1762 1522 1776 1524 1776 1526 1776 1528 1776 1530 1776 1555 1764 1609 1776 1611 1778 1739 1778 1739 1776 1741 1776 1743 1776 1743 1774 1755 1764 2030 1776 2034 1745 2034 1681 1976 1681 1952 1664 1950 1664 1948 1664 1947 1664 1945 1664 1943 1664 1925 1677 1908 1664 1906 1664 1904 1664 1902 1664 1900 1664 1898 1664 1881 1677 1768 1664 1766 1664 1764 1664 1762 1664 1737 1681 1528 1681 1462 1662 1460 1662 1458 1662 1456 1662 1392 1677 1346 1677 1332 1664 1332 1662 1330 1662 1329 1662 1327 1662 1325 1662 1286 1671 1141 1662 1139 1662 1137 1662 1106 1679 1011 1679 999 1667 997 1667 995 1667 993 1667 889 1675 889 1741"/></Shape>
            <String CONTENT="Feit, &amp; la terre, &amp; la mer, &amp; lés cieux,"
                    HPOS="887"
                    VPOS="1662"
                    WIDTH="1147"
                    HEIGHT="116"
                    WC="0.9859543777093654"></String>
          </TextLine>
          <TextLine ID="eSc_line_d6e47ae8"
                    TAGREFS="LT8"
                    BASELINE="898 1838 1857 1832" 
                    HPOS="896"
                    VPOS="1758"
                    WIDTH="961"
                    HEIGHT="121">
            <Shape><Polygon POINTS="898 1838 898 1859 1082 1859 1104 1877 1106 1877 1108 1877 1110 1879 1168 1879 1168 1877 1170 1877 1172 1877 1197 1859 1241 1875 1243 1875 1245 1877 1303 1877 1303 1875 1305 1875 1307 1875 1329 1859 1464 1875 1466 1875 1468 1875 1470 1875 1470 1873 1487 1857 1575 1873 1576 1873 1578 1873 1619 1855 1666 1873 1668 1873 1669 1875 1792 1875 1792 1873 1793 1873 1795 1873 1817 1855 1855 1855 1857 1832 1855 1774 1824 1758 1823 1758 1821 1758 1726 1772 1656 1762 1654 1762 1551 1772 1522 1760 1520 1760 1518 1760 1516 1760 1514 1760 1495 1776 1451 1776 1437 1762 1437 1760 1435 1760 1433 1760 1431 1760 1429 1760 1396 1772 1276 1760 1274 1760 1272 1760 1247 1774 1228 1760 1226 1760 1224 1760 1222 1760 1220 1760 1218 1760 1218 1762 1201 1776 896 1768 898 1838"/></Shape>
            <String CONTENT="Tout ce qui eſt en iceuxx compoſa,"
                    HPOS="896"
                    VPOS="1758"
                    WIDTH="961"
                    HEIGHT="121"
                    WC="0.9817734465879553"></String>
          </TextLine>
          <TextLine ID="eSc_line_3b32e7da"
                    TAGREFS="LT8"
                    BASELINE="895 1931 1917 1927" 
                    HPOS="893"
                    VPOS="1851"
                    WIDTH="1024"
                    HEIGHT="121">
            <Shape><Polygon POINTS="895 1931 895 1952 1402 1972 1404 1972 1406 1972 1433 1958 1485 1970 1487 1970 1489 1970 1491 1970 1524 1950 1592 1970 1594 1970 1596 1970 1598 1970 1650 1950 1695 1970 1697 1970 1699 1970 1700 1970 1747 1956 1772 1970 1774 1970 1776 1972 1861 1972 1861 1970 1863 1970 1865 1970 1865 1968 1885 1950 1916 1950 1917 1927 1914 1851 1801 1851 1799 1851 1797 1851 1795 1851 1772 1871 1673 1871 1652 1851 1650 1851 1648 1851 1607 1851 1606 1851 1604 1851 1561 1871 1392 1871 1350 1853 1348 1853 1346 1853 1344 1853 1303 1871 1179 1853 1177 1853 1175 1853 1141 1873 995 1873 929 1853 927 1853 926 1853 924 1853 922 1853 893 1869 895 1931"/></Shape>
            <String CONTENT="Au iour ſeptieſme apres ſe repoſae"
                    HPOS="893"
                    VPOS="1851"
                    WIDTH="1024"
                    HEIGHT="121"
                    WC="0.958834295763689"></String>
          </TextLine>
          <TextLine ID="eSc_line_18ef82a3"
                    TAGREFS="LT8"
                    BASELINE="889 2022 1737 2020 1995 2032" 
                    HPOS="887"
                    VPOS="1950"
                    WIDTH="1108"
                    HEIGHT="115">
            <Shape><Polygon POINTS="889 2022 887 2049 970 2049 995 2061 997 2061 999 2061 1001 2061 1044 2049 1208 2049 1222 2061 1222 2063 1224 2063 1226 2063 1228 2063 1296 2049 1330 2063 1332 2063 1334 2065 1418 2065 1418 2063 1420 2063 1422 2063 1439 2049 1458 2063 1460 2063 1462 2063 1464 2065 1621 2065 1621 2063 1623 2063 1664 2049 1710 2063 1712 2063 1714 2063 1993 2055 1995 2032 1993 1966 1836 1966 1826 1956 1826 1954 1824 1954 1823 1954 1821 1954 1778 1962 1737 1950 1735 1950 1733 1950 1731 1950 1730 1950 1712 1966 1627 1966 1592 1950 1590 1950 1503 1950 1501 1950 1499 1950 1464 1964 1425 1950 1423 1950 1422 1950 1420 1950 1418 1950 1396 1966 1338 1966 1222 1950 1220 1950 1218 1950 1216 1950 1203 1962 1168 1954 1166 1954 1119 1964 1084 1950 1082 1950 1081 1950 1079 1950 1077 1950 1077 1952 1061 1964 1005 1950 1003 1950 1001 1950 962 1964 922 1950 920 1950 918 1950 916 1950 889 1962 889 2022"/></Shape>
            <String CONTENT="Dont le Seigneur de ſa bonte benigne"
                    HPOS="887"
                    VPOS="1950"
                    WIDTH="1108"
                    HEIGHT="115"
                    WC="0.9910126394695706"></String>
          </TextLine>
          <TextLine ID="eSc_line_d8e2a7d4"
                    TAGREFS="LT8"
                    BASELINE="891 2113 1823 2119" 
                    HPOS="889"
                    VPOS="2037"
                    WIDTH="934"
                    HEIGHT="121">
            <Shape><Polygon POINTS="891 2113 889 2138 974 2154 976 2154 1038 2142 1069 2154 1071 2154 1073 2156 1112 2156 1112 2154 1113 2154 1115 2154 1115 2152 1125 2142 1150 2154 1152 2154 1154 2154 1222 2144 1241 2156 1243 2156 1245 2156 1247 2156 1249 2156 1274 2144 1299 2156 1301 2156 1303 2156 1480 2148 1509 2158 1511 2158 1513 2158 1514 2158 1542 2146 1578 2158 1580 2158 1582 2158 1821 2152 1823 2119 1819 2051 1714 2057 1697 2043 1695 2043 1693 2043 1642 2041 1640 2041 1638 2041 1637 2041 1637 2043 1619 2061 1513 2061 1435 2039 1433 2039 1431 2039 1429 2039 1427 2039 1406 2057 1348 2057 1330 2045 1329 2045 1327 2045 1325 2045 1323 2045 1321 2045 1307 2059 1241 2059 1203 2037 1201 2037 1199 2037 1144 2047 1044 2037 1042 2037 1040 2037 1038 2037 1011 2055 891 2055 891 2113"/></Shape>
            <String CONTENT="Sanctifia du repos le iour digne."
                    HPOS="889"
                    VPOS="2037"
                    WIDTH="934"
                    HEIGHT="121"
                    WC="0.9724535815643541"></String>
          </TextLine>
          <TextLine ID="eSc_line_adba267e"
                    TAGREFS="LT8"
                    BASELINE="833 2218 1096 2208 1861 2208 2001 2220" 
                    HPOS="831"
                    VPOS="2136"
                    WIDTH="1170"
                    HEIGHT="116">
            <Shape><Polygon POINTS="833 2218 834 2252 873 2235 1077 2235 1117 2251 1119 2251 1121 2251 1206 2239 1325 2251 1327 2251 1329 2251 1330 2251 1350 2235 1406 2245 1408 2245 1410 2245 1435 2235 1464 2251 1466 2251 1468 2251 1540 2235 1617 2249 1619 2249 1621 2249 1640 2239 1650 2249 1650 2251 1652 2251 1654 2251 1656 2252 1790 2252 1790 2251 1792 2251 1793 2251 1793 2249 1809 2235 1832 2235 1848 2249 1848 2251 1850 2251 1852 2251 1854 2251 1999 2249 2001 2220 1999 2154 1912 2136 1910 2136 1908 2136 1846 2152 1813 2142 1811 2142 1809 2142 1807 2142 1784 2150 1768 2136 1766 2136 1764 2136 1762 2136 1761 2136 1759 2136 1735 2154 1518 2154 1501 2138 1501 2136 1499 2136 1497 2136 1495 2136 1493 2136 1491 2136 1472 2152 1451 2140 1449 2140 1447 2140 1445 2140 1416 2150 1391 2136 1389 2136 1387 2136 1385 2136 1354 2154 1317 2154 1301 2138 1301 2136 1299 2136 1298 2136 1296 2136 1249 2146 1189 2136 1187 2136 1185 2136 1183 2136 1170 2148 1115 2142 1113 2142 1112 2142 1110 2142 1110 2144 1100 2152 1055 2136 1053 2136 916 2136 914 2136 912 2136 910 2136 891 2150 873 2140 871 2140 869 2140 867 2140 831 2152 833 2218"/></Shape>
            <String CONTENT="5 Honneur feras à ton pere, &amp; ta mere,"
                    HPOS="831"
                    VPOS="2136"
                    WIDTH="1170"
                    HEIGHT="116"
                    WC="0.9929951414083823"></String>
          </TextLine>
          <TextLine ID="eSc_line_71fc2ac7"
                    TAGREFS="LT8"
                    BASELINE="895 2305 2010 2299" 
                    HPOS="893"
                    VPOS="2229"
                    WIDTH="1117"
                    HEIGHT="120">
            <Shape><Polygon POINTS="895 2305 895 2334 962 2334 978 2347 978 2349 980 2349 982 2349 984 2349 986 2349 1040 2334 1073 2347 1075 2347 1077 2347 1166 2334 1179 2344 1181 2344 1183 2344 1185 2344 1263 2336 1274 2345 1274 2347 1276 2347 1278 2347 1280 2347 1282 2347 1315 2334 1350 2345 1352 2345 1354 2345 1356 2345 1358 2345 1381 2332 1431 2332 1454 2347 1456 2347 1458 2347 1460 2347 1462 2347 1497 2332 1586 2347 1588 2347 1724 2334 1737 2345 1739 2345 1741 2345 1743 2345 1745 2345 1772 2334 1811 2345 1813 2345 1815 2345 1817 2345 1859 2332 1877 2345 1879 2345 1881 2345 1883 2345 2009 2340 2010 2299 2007 2245 1852 2245 1803 2229 1801 2229 1799 2229 1797 2229 1764 2243 1518 2231 1516 2231 1514 2231 1513 2231 1513 2233 1499 2247 1468 2247 1437 2231 1435 2231 1346 2231 1344 2231 1261 2247 1222 2233 1220 2233 1218 2233 1216 2233 1166 2249 1133 2249 1117 2235 1117 2233 1115 2233 1113 2233 1112 2233 1110 2233 1108 2233 1108 2235 1092 2247 1024 2235 1022 2235 1020 2235 989 2247 968 2233 966 2233 964 2233 962 2233 893 2245 895 2305"/></Shape>
            <String CONTENT="Si que tes iours loing de la mort anere,"
                    HPOS="893"
                    VPOS="2229"
                    WIDTH="1117"
                    HEIGHT="120"
                    WC="0.9840895682573318"></String>
          </TextLine>
          <TextLine ID="eSc_line_a01c2b91"
                    TAGREFS="LT8"
                    BASELINE="895 2400 2022 2392" 
                    HPOS="893"
                    VPOS="2320"
                    WIDTH="1129"
                    HEIGHT="120">
            <Shape><Polygon POINTS="895 2400 895 2427 1071 2427 1090 2440 1092 2440 1094 2440 1096 2440 1187 2438 1189 2438 1191 2438 1208 2425 1237 2438 1239 2438 1241 2440 1400 2440 1400 2438 1402 2438 1458 2423 1571 2437 1573 2438 1669 2438 1669 2437 1671 2437 1673 2437 1689 2423 1728 2435 1730 2435 1731 2437 1821 2437 1821 2435 1823 2435 1824 2435 1840 2423 1896 2435 1898 2435 1900 2435 1933 2421 1972 2435 1974 2435 1976 2435 2020 2431 2022 2392 2018 2338 1881 2338 1844 2320 1842 2320 1840 2320 1712 2338 1495 2322 1493 2322 1491 2322 1456 2340 1427 2324 1425 2324 1391 2324 1389 2324 1387 2324 1385 2324 1385 2326 1369 2340 1334 2330 1332 2330 1330 2330 1290 2338 1274 2324 1272 2324 1270 2324 1268 2324 1185 2326 1183 2326 1181 2326 1160 2342 1119 2328 1117 2328 1115 2328 978 2342 920 2326 918 2326 916 2326 914 2326 893 2336 895 2400"/></Shape>
            <String CONTENT="Soient prolõgez ſur la terre tane bonne,"
                    HPOS="893"
                    VPOS="2320"
                    WIDTH="1129"
                    HEIGHT="120"
                    WC="0.9712351197149696"></String>
          </TextLine>
          <TextLine ID="eSc_line_9c052726"
                    TAGREFS="LT8"
                    BASELINE="895 2493 2059 2485" 
                    HPOS="893"
                    VPOS="2413"
                    WIDTH="1166"
                    HEIGHT="124">
            <Shape><Polygon POINTS="2055 2433 2053 2427 1927 2413 1925 2413 1850 2415 1848 2415 1846 2415 1846 2417 1834 2427 1792 2419 1790 2419 1741 2429 1728 2417 1728 2415 1726 2415 1724 2415 1683 2415 1681 2415 1679 2415 1677 2415 1677 2417 1664 2431 1578 2431 1557 2415 1555 2415 1553 2415 1551 2415 1549 2415 1516 2425 1495 2415 1493 2415 1491 2415 1489 2415 1464 2427 1412 2417 1410 2417 1408 2417 1381 2433 1234 2433 1201 2417 1199 2417 1197 2417 1195 2417 1193 2417 1175 2433 1154 2421 1152 2421 1150 2421 1148 2421 1108 2433 1092 2421 1092 2419 1090 2419 1088 2419 1086 2419 1001 2429 962 2419 960 2419 958 2419 893 2435 895 2493 895 2520 988 2537 989 2537 991 2537 1030 2518 1191 2518 1222 2533 1224 2533 1226 2533 1228 2533 1282 2518 1323 2535 1325 2535 1327 2537 1412 2537 1412 2535 1414 2535 1451 2520 1487 2533 1489 2533 1491 2533 1493 2533 1522 2524 1555 2531 1557 2531 1559 2531 1561 2531 1590 2516 1726 2533 1728 2533 1730 2533 1778 2514 1797 2528 1799 2528 1801 2528 1803 2528 1805 2528 1834 2518 1859 2531 1861 2531 1863 2533 2012 2533 2012 2531 2014 2531 2059 2514 2059 2485 2055 2433 2055 2433"/></Shape>
            <String CONTENT="Que le Seigneur tõ Dieu te liureet dõne."
                    HPOS="893"
                    VPOS="2413"
                    WIDTH="1166"
                    HEIGHT="124"
                    WC="0.9847949203990755"></String>
          </TextLine>
          <TextLine ID="eSc_line_263a7f75"
                    TAGREFS="LT8"
                    BASELINE="831 2584 1985 2576" 
                    HPOS="829"
                    VPOS="2508"
                    WIDTH="1156"
                    HEIGHT="111">
            <Shape><Polygon POINTS="831 2584 831 2603 908 2601 939 2617 941 2617 943 2619 999 2619 999 2617 1001 2617 1003 2617 1003 2615 1015 2605 1059 2611 1061 2611 1063 2611 1065 2611 1077 2603 1086 2611 1088 2611 1090 2611 1092 2611 1094 2611 1121 2599 1212 2599 1234 2613 1236 2613 1237 2613 1239 2613 1292 2605 1301 2613 1301 2615 1303 2615 1305 2615 1307 2615 1437 2613 1439 2613 1470 2597 1526 2613 1528 2613 1530 2613 1652 2599 1687 2609 1689 2609 1691 2609 1693 2609 1695 2609 1695 2607 1697 2607 1706 2595 1790 2611 1792 2611 1793 2611 1815 2601 1832 2609 1834 2609 1836 2609 1838 2609 1840 2609 1840 2607 1854 2595 1888 2605 1890 2605 1892 2605 1894 2605 1896 2605 1912 2595 1945 2607 1947 2607 1948 2607 1983 2599 1985 2576 1981 2528 1877 2528 1846 2508 1844 2508 1842 2508 1840 2508 1671 2528 1625 2510 1623 2510 1580 2510 1578 2510 1576 2510 1575 2510 1575 2512 1563 2522 1470 2514 1468 2514 1466 2514 1402 2530 1309 2520 1307 2520 1305 2520 1280 2528 1265 2514 1265 2512 1263 2512 1261 2512 1259 2512 1257 2512 1208 2530 1119 2512 1117 2512 1115 2512 1113 2512 1113 2514 1100 2528 1030 2514 1028 2514 1026 2514 988 2528 958 2514 957 2514 955 2514 829 2516 831 2584"/></Shape>
            <String CONTENT="6 Point n&#x27;occpas., 7. Ne feras adultere."
                    HPOS="829"
                    VPOS="2508"
                    WIDTH="1156"
                    HEIGHT="111"
                    WC="0.9681956127285958"></String>
          </TextLine>
          <TextLine ID="eSc_line_bcfecaf2"
                    TAGREFS="LT8"
                    BASELINE="827 2681 2026 2671" 
                    HPOS="825"
                    VPOS="2595"
                    WIDTH="1201"
                    HEIGHT="169">
            <Shape><Polygon POINTS="827 2681 827 2727 986 2727 1028 2764 1030 2764 1032 2764 1034 2764 1075 2760 1077 2760 1079 2760 1121 2725 1181 2733 1208 2760 1208 2762 1210 2762 1212 2762 1214 2762 1342 2760 1344 2760 1346 2760 1377 2735 1482 2756 1483 2756 1602 2735 1675 2750 1677 2750 1679 2750 1681 2750 1722 2721 1823 2729 1824 2729 1826 2729 1828 2729 1838 2721 1881 2756 1883 2756 1885 2756 1886 2756 1935 2750 1937 2750 1939 2750 1939 2748 1964 2727 1981 2743 1983 2743 1985 2743 1987 2745 2024 2745 2026 2671 2022 2603 1976 2601 1974 2601 1972 2601 1970 2601 1952 2615 1902 2595 1900 2595 1898 2595 1896 2595 1894 2595 1894 2597 1871 2619 1823 2619 1793 2597 1792 2597 1790 2597 1759 2597 1757 2597 1755 2597 1712 2621 1604 2621 1472 2599 1470 2599 1468 2599 1466 2599 1466 2601 1447 2619 1329 2621 1305 2601 1303 2601 1301 2601 1141 2601 1139 2601 1137 2601 1100 2621 1084 2613 1082 2613 1081 2613 1001 2626 970 2626 947 2605 945 2605 943 2605 941 2605 939 2605 902 2624 865 2605 864 2605 862 2605 860 2605 825 2621 827 2681"/></Shape>
            <String CONTENT="S Larron ne ſois. 9.Et encotre ton frere"
                    HPOS="825"
                    VPOS="2595"
                    WIDTH="1201"
                    HEIGHT="169"
                    WC="0.9437740504741668"></String>
          </TextLine>
        </TextBlock>
      </PrintSpace>
    </Page>
  </Layout>
</alto>
