2236 3487
234 379 1203 136 De fille, ſoeur, mere: eſpouſe. ô Saulueur i

244 493 1044 113 Ceſte doulceur eſt de grande ſapueur,

244 585 1052 116 Treſplaiſante & treſdoulce à gouſter,

244 678 1054 114 Parler à vous: ou bien vous eſcouter.

249 769 1078 118 Vous appellantr Pere (parlant à vous

248 864 1245 118 Sans crainte auoir) enfant, frere, & eſpoux,

255 960 1076 109 Vous efcoutant, ie m'oy mere nommer

253 1044 1226 126 Sœur fille, v eſpouſe. Lus c'eſt pour cõſõmer,

249 1142 969 117 Fondre, bruſler, du tout aueantir

249 1234 1100 122 L'ame, qui pœut ceſte doulceur ſentir.

300 1326 925 119 Eſt il amour auprés de ceſte cy.

263 1425 1114 117 Que trop ne ſoit pleine de mauiluais Si?¬

263 1516 1161 117 Eſt il plaiſir dont lon pceut tenir compte?

269 1605 1070 123 Eſt il bõneur que lon n'eſtime à honte?

265 1700 1025 122 Eſt il prouffit que lon deuſt eſtimer?

263 1789 1190 128 Brief, eſt il riens que plus ie ſceuſſe aymére

265 1888 1151 115 Helas nenny: car tous cés mondains biens

279 1987 1164 112 Qui ayme Dieu reputevmoins que fiens.

275 2084 1158 108 Plaiſir, prouffit, & honneur ſont coruée

275 2167 1112 116 A qui l’amour de ſon Dieu a trouuée

327 2254 1137 124 Amour de Dieu eſt ſi plaiſant proufſit,

280 2349 1212 130 Et tah d'hõneur, que ſeule au cœur xſuffit.

284 2448 1021 114 Elle le rend content (ie le puis dire)

292 2537 1199 118 Tant que plus riens ne veult, ny ne deſire:

288 2624 1227 200 Car qu a Dieu, anſi qiile connande.

1470 745 262 111 Ierem q¬

1499 1044 239 116 Cant. 415

1476 2003 269 112 Philip.s.

1520 2349 239 124 pial ao6
