2198 3484
946 290 1211 162 Et qu'encores par voz bõs preſcheurs faites,

952 425 972 115 En la croyant, deſirant fermement

952 516 1011 118 De l'accomplir du tout entierement,

954 611 1071 118 Que par amour ie vous ay engendré:

952 702 1168 122 Dont ſans crainte nom de mere prendray.

956 791 1087 124 Mere de Dieu doulce Vierge Marie,

954 886 970 124 Ne ſoyez pas de ce tiltre marrie.

958 979 953 114 Nul larrecin ne fais, ne ſacrilege:

956 1074 1059 124 Riens ne pretens ſur voſtre priuilege.

964 1169 1052 120 Car vous ſeule auez ſur toute femme

946 1254 1214 136 Receu de luy l'hõneur * ſi grand, ma Dame,

962 1358 1177 120 Que nul eſprit de ſoy ne pœut comprendre,

962 1457 1181 116 Cõme a voulu en vous noſtre chair prẽdre.

1034 1544 1059 124 Mere & Vierge eſtes parfaictement

950 1637 994 114 Auant, aprés & en l'enfantement.

937 1726 1073 124 En voſtre ſainct ventre l'auez porté,

954 1819 951 118 Nourry, ſeruy allaicté, conforté.

956 1916 802 116 Suyui auez ſes predications,

974 2005 956 127 L'accompaignant en tribulations,

958 2098 1181 120 Brief, vous auez de Dieu * trouué la grace,

956 2198 1160 118 Que l'ennemy par malice & fallace

954 2291 1065 116 Auoit du tout faict perdre en verité.

964 2384 953 108 Au paoure Adam & ſa poſterité.

1037 2477 1122 118 Par Eue et luy, * nous l'auiõs tous perdue,

968 2564 1024 213 Par voſtre filz elle nous eſt * rendue.

714 1169 186 131 Luc.1.

712 2020 187 99 Luc.1.

710 2425 219 126 Rom.5.

716 2545 205 153 Iehan.1.
