<?xml version="1.0" encoding="UTF-8"?>
<alto xmlns:xsi="http://www.w3.org/2001/XMLSchema-instance"
      xmlns="http://www.loc.gov/standards/alto/ns-v4#"
      xsi:schemaLocation="http://www.loc.gov/standards/alto/ns-v4# http://www.loc.gov/standards/alto/v4/alto-4-2.xsd">
  <Description>
    <MeasurementUnit>pixel</MeasurementUnit>
    <sourceImageInformation>
      <fileName>PSALMES____de_Dauid____[...]_btv1b10091180g_page-0079_1.jpg</fileName>
    </sourceImageInformation>
  </Description>
  <Tags>
    <OtherTag ID="BT7" LABEL="CustomZone" DESCRIPTION="block type CustomZone"/><OtherTag ID="BT8" LABEL="DamageZone" DESCRIPTION="block type DamageZone"/><OtherTag ID="BT9" LABEL="DigitizationArtefactZone" DESCRIPTION="block type DigitizationArtefactZone"/><OtherTag ID="BT10" LABEL="DropCapitalZone" DESCRIPTION="block type DropCapitalZone"/><OtherTag ID="BT11" LABEL="GraphicZone" DESCRIPTION="block type GraphicZone"/><OtherTag ID="BT12" LABEL="MainZone" DESCRIPTION="block type MainZone"/><OtherTag ID="BT13" LABEL="MarginTextZone" DESCRIPTION="block type MarginTextZone"/><OtherTag ID="BT14" LABEL="MusicZone" DESCRIPTION="block type MusicZone"/><OtherTag ID="BT15" LABEL="NumberingZone" DESCRIPTION="block type NumberingZone"/><OtherTag ID="BT17" LABEL="QuireMarksZone" DESCRIPTION="block type QuireMarksZone"/><OtherTag ID="BT18" LABEL="RunningTitleZone" DESCRIPTION="block type RunningTitleZone"/><OtherTag ID="BT19" LABEL="SealZone" DESCRIPTION="block type SealZone"/><OtherTag ID="BT20" LABEL="StampZone" DESCRIPTION="block type StampZone"/><OtherTag ID="BT21" LABEL="TableZone" DESCRIPTION="block type TableZone"/><OtherTag ID="BT22" LABEL="TitlePageZone" DESCRIPTION="block type TitlePageZone"/>
    <OtherTag ID="LT7" LABEL="CustomLine" DESCRIPTION="line type CustomLine"/><OtherTag ID="LT8" LABEL="DefaultLine" DESCRIPTION="line type DefaultLine"/><OtherTag ID="LT9" LABEL="DropCapitalLine" DESCRIPTION="line type DropCapitalLine"/><OtherTag ID="LT10" LABEL="HeadingLine" DESCRIPTION="line type HeadingLine"/><OtherTag ID="LT11" LABEL="InterlinearLine" DESCRIPTION="line type InterlinearLine"/><OtherTag ID="LT12" LABEL="MusicLine" DESCRIPTION="line type MusicLine"/><OtherTag ID="LT1063" LABEL="default" DESCRIPTION="line type default"/>
  </Tags>
  <Layout>
    <Page WIDTH="2133"
          HEIGHT="3487"
          PHYSICAL_IMG_NR="17"
          ID="eSc_dummypage_">
      <PrintSpace HPOS="0"
                  VPOS="0"
                  WIDTH="2133"
                  HEIGHT="3487">
        <TextBlock HPOS="803"
                   VPOS="353"
                   WIDTH="1314"
                   HEIGHT="2424"
                   ID="eSc_textblock_a0f84284"
                   TAGREFS="BT12">
          <Shape><Polygon POINTS="825 353 848 1177 803 1275 860 1849 894 1946 845 1990 823 2010 856 2777 2117 2777 2117 353"/></Shape>
          <TextLine ID="eSc_line_f1e2222d"
                    TAGREFS="LT8"
                    BASELINE="883 451 1664 439 1797 445" 
                    HPOS="881"
                    VPOS="356"
                    WIDTH="919"
                    HEIGHT="134">
            <Shape><Polygon POINTS="1800 368 1797 368 1784 356 1772 356 1753 356 1749 356 1730 364 1718 356 1714 356 1695 356 1675 356 1656 356 1637 356 1617 356 1598 356 1578 356 1559 356 1545 356 1507 370 1400 356 1385 356 1381 356 1367 368 1354 356 1346 356 1327 356 1323 356 1208 375 1156 375 1133 356 1117 356 1086 375 1046 375 1022 356 1020 356 1019 356 1017 356 893 360 881 371 883 451 883 480 943 472 1003 486 1005 486 1007 486 1009 486 1022 476 1040 490 1042 490 1044 490 1046 490 1048 490 1050 490 1069 478 1210 488 1212 488 1214 488 1216 488 1234 472 1286 470 1334 482 1336 482 1338 482 1340 482 1381 466 1458 466 1482 484 1483 484 1485 484 1487 484 1489 484 1534 470 1547 482 1549 482 1551 482 1553 482 1609 470 1644 482 1646 482 1648 484 1708 484 1708 482 1710 482 1712 482 1733 468 1747 478 1747 480 1749 480 1751 480 1753 480 1796 476"/></Shape>
            <String CONTENT="Helas ou, car du pere maudid"
                    HPOS="881"
                    VPOS="356"
                    WIDTH="919"
                    HEIGHT="134"
                    WC="0.9854632637330464"></String>
          </TextLine>
          <TextLine ID="eSc_line_320c2e20"
                    TAGREFS="LT8"
                    BASELINE="883 554 1336 534 1635 536" 
                    HPOS="879"
                    VPOS="457"
                    WIDTH="756"
                    HEIGHT="131">
            <Shape><Polygon POINTS="883 554 883 577 916 588 918 588 920 588 997 577 1075 585 1077 585 1079 585 1110 571 1226 581 1228 581 1319 565 1385 575 1387 575 1389 575 1391 575 1391 573 1392 573 1400 563 1505 573 1507 573 1509 573 1511 573 1511 571 1522 561 1561 569 1563 569 1565 569 1567 569 1584 557 1631 569 1635 536 1631 472 1557 472 1528 457 1526 457 1524 457 1522 457 1487 474 1468 457 1466 457 1464 457 1435 457 1433 457 1307 461 1305 461 1303 461 1303 462 1286 480 1236 462 1234 462 1232 462 1230 462 1175 482 1146 472 1144 472 1143 472 1053 486 986 470 984 470 879 490 883 554"/></Shape>
            <String CONTENT="Auez rompu la filiation,"
                    HPOS="879"
                    VPOS="457"
                    WIDTH="756"
                    HEIGHT="131"
                    WC="0.9812358468770981"></String>
          </TextLine>
          <TextLine ID="eSc_line_09ca791a"
                    TAGREFS="LT8"
                    BASELINE="877 641 1615 623 1863 629" 
                    HPOS="875"
                    VPOS="550"
                    WIDTH="990"
                    HEIGHT="122">
            <Shape><Polygon POINTS="1865 560 1846 554 1844 554 1842 554 1840 554 1838 554 1823 563 1805 552 1803 552 1801 552 1799 552 1797 552 1772 563 1743 550 1741 550 1664 550 1662 550 1660 550 1658 550 1658 552 1642 563 1516 552 1514 552 1392 554 1391 554 1389 554 1373 565 1342 554 1340 554 1338 554 1195 571 1156 555 1154 555 1152 555 1150 555 1148 555 1129 571 1084 561 1082 561 1081 561 1050 575 937 575 875 557 877 641 877 672 939 660 978 672 980 672 982 672 1082 670 1084 670 1086 670 1102 658 1117 670 1119 670 1121 670 1123 672 1187 672 1187 670 1189 670 1191 670 1206 658 1282 666 1284 666 1286 666 1288 666 1299 656 1352 668 1354 668 1524 656 1656 666 1658 666 1724 652 1776 662 1778 662 1780 662 1782 662 1797 652 1862 658"/></Shape>
            <String CONTENT="En me nommand fille, d’adoption."
                    HPOS="875"
                    VPOS="550"
                    WIDTH="990"
                    HEIGHT="122"
                    WC="0.9679073262959719"></String>
          </TextLine>
          <TextLine ID="eSc_line_986572d3"
                    TAGREFS="LT8"
                    BASELINE="912 730 1547 718 2086 722" 
                    HPOS="910"
                    VPOS="643"
                    WIDTH="1176"
                    HEIGHT="124">
            <Shape><Polygon POINTS="912 730 912 751 1088 751 1106 765 1106 767 1108 767 1110 767 1112 767 1185 765 1187 765 1189 765 1206 753 1313 765 1315 765 1317 765 1319 765 1338 751 1454 763 1456 763 1458 763 1491 747 1575 763 1576 763 1578 763 1615 747 1708 757 1710 757 1712 757 1759 745 1809 761 1811 761 1813 761 1815 761 1854 751 1886 759 1888 759 1890 759 1892 759 1925 743 1958 759 1960 759 1962 761 1989 761 1989 759 1991 759 1993 759 1993 757 2009 743 2084 753 2086 722 2084 656 2034 643 2032 643 2030 643 2028 643 1987 656 1937 643 1935 643 1933 643 1931 643 1898 652 1867 645 1865 645 1863 645 1861 645 1859 645 1859 647 1846 658 1728 645 1726 645 1724 645 1669 660 1654 648 1652 648 1650 648 1648 648 1565 660 1544 647 1542 647 1540 647 1418 647 1416 647 1414 647 1412 647 1412 648 1398 664 1160 666 1133 666 1119 652 1119 650 1117 650 1115 650 1113 650 991 662 980 652 980 650 978 650 976 650 933 650 931 650 929 650 927 650 910 662 912 730"/></Shape>
            <String CONTENT="Or dõcques, puis q̃ nous n&#x27;auõs qu&#x27;un pere"
                    HPOS="910"
                    VPOS="643"
                    WIDTH="1176"
                    HEIGHT="124"
                    WC="0.9641152281652797"></String>
          </TextLine>
          <TextLine ID="eSc_line_7f978e37"
                    TAGREFS="LT8"
                    BASELINE="883 825 1575 811 2074 817" 
                    HPOS="881"
                    VPOS="736"
                    WIDTH="1193"
                    HEIGHT="122">
            <Shape><Polygon POINTS="883 825 883 846 989 846 1036 858 1038 858 1040 858 1100 844 1193 844 1210 856 1212 856 1214 856 1216 856 1445 846 1518 854 1520 854 1602 842 1611 850 1613 850 1615 850 1617 850 1619 850 1621 850 1633 840 1724 852 1726 852 1728 852 1780 838 2071 848 2074 817 2072 747 2032 736 2030 736 2028 736 2026 736 1970 753 1952 738 1950 738 1948 738 1846 738 1844 738 1842 738 1840 738 1821 749 1762 738 1761 738 1685 753 1606 740 1604 740 1402 755 1361 741 1360 741 1358 741 1356 741 1354 741 1334 759 1298 759 1274 745 1272 745 1270 745 1201 743 1199 743 1197 743 1195 743 1172 759 1135 749 1133 749 1131 749 1129 749 1096 763 943 763 908 749 906 749 904 749 902 749 900 749 881 759 883 825"/></Shape>
            <String CONTENT="Ie ne craindray de vous nõmer mon frere,"
                    HPOS="881"
                    VPOS="736"
                    WIDTH="1193"
                    HEIGHT="122"
                    WC="0.9806623197183376"></String>
          </TextLine>
          <TextLine ID="eSc_line_0fac4a21"
                    TAGREFS="LT8"
                    BASELINE="896 918 1565 904 2082 908" 
                    HPOS="895"
                    VPOS="833"
                    WIDTH="1187"
                    HEIGHT="116">
            <Shape><Polygon POINTS="896 918 896 937 995 937 1026 949 1028 949 1030 949 1092 935 1175 947 1177 947 1445 945 1447 945 1487 935 1563 943 1565 943 1644 931 1873 939 1875 939 1877 939 1914 927 1929 939 1931 939 1933 939 1935 939 2080 937 2082 908 2080 844 1730 833 1728 833 1633 848 1611 834 1609 834 1607 834 1606 834 1516 846 1485 834 1483 834 1482 834 1431 836 1429 836 1427 836 1427 838 1412 850 1288 836 1286 836 1284 836 1253 854 1121 854 1092 838 1090 838 1088 838 1086 838 1034 854 895 854 896 918"/></Shape>
            <String CONTENT="Vous l’auez dit en lieu bien authenticque nꝰ"
                    HPOS="895"
                    VPOS="833"
                    WIDTH="1187"
                    HEIGHT="116"
                    WC="0.9484418193725023"></String>
          </TextLine>
          <TextLine ID="eSc_line_e4e6ebfb"
                    TAGREFS="LT8"
                    BASELINE="889 1011 1658 997 2082 1005" 
                    HPOS="887"
                    VPOS="924"
                    WIDTH="1195"
                    HEIGHT="124">
            <Shape><Polygon POINTS="889 1011 889 1034 964 1034 982 1048 984 1048 986 1048 988 1048 1139 1046 1141 1046 1143 1046 1143 1044 1156 1032 1220 1032 1237 1046 1239 1046 1241 1046 1243 1046 1245 1046 1305 1030 1336 1042 1338 1042 1340 1042 1342 1042 1377 1032 1400 1044 1402 1044 1404 1046 1489 1046 1489 1044 1491 1044 1549 1028 1685 1042 1687 1042 1689 1042 1737 1026 1869 1026 1906 1040 1908 1040 1910 1040 2057 1026 2076 1038 2082 1005 2080 935 1867 924 1865 924 1863 924 1861 924 1842 935 1784 924 1782 924 1780 924 1749 933 1660 925 1658 925 1656 925 1654 925 1640 935 1584 925 1582 925 1514 939 1501 927 1499 927 1497 927 1495 927 1429 939 887 937 889 1011"/></Shape>
            <String CONTENT="Pan Salomon enn voſtre doulx Canticques"
                    HPOS="887"
                    VPOS="924"
                    WIDTH="1195"
                    HEIGHT="124"
                    WC="0.9795825634247217"></String>
          </TextLine>
          <TextLine ID="eSc_line_85fa030d"
                    TAGREFS="LT8"
                    BASELINE="865 1106 1117 1100 1501 1092 1908 1090 2076 1102" 
                    HPOS="649"
                    VPOS="1015"
                    WIDTH="1427"
                    HEIGHT="139">
            <Shape><Polygon POINTS="876 1096 819 1154 819 1152 908 1137 964 1137 984 1148 986 1148 988 1148 989 1148 1077 1133 1212 1142 1214 1142 1216 1142 1247 1129 1261 1141 1263 1141 1265 1141 1267 1141 1373 1129 1443 1137 1445 1137 1447 1137 1449 1137 1460 1127 1483 1137 1485 1137 1487 1137 1489 1137 1530 1125 1609 1133 1611 1133 1613 1133 1615 1133 1627 1121 1654 1133 1656 1133 1658 1133 1660 1133 1691 1119 2074 1123 2076 1102 2072 1030 1941 1024 1939 1024 1937 1024 1906 1034 1886 1018 1885 1018 1883 1018 1826 1015 1824 1015 1764 1018 1762 1018 1761 1018 1731 1038 1631 1018 1629 1018 1627 1018 1576 1040 1536 1026 1534 1026 1532 1026 1530 1026 1528 1026 1511 1042 1478 1042 1447 1024 1445 1024 1443 1024 1360 1038 1267 1026 1265 1026 1164 1048 1146 1036 1144 1036 1143 1036 999 1032 997 1032 926 1034 924 1034 922 1034 887 1059 919 1050 649 1123"/></Shape>
            <String CONTENT="Nei le le ce iirour."
                    HPOS="649"
                    VPOS="1015"
                    WIDTH="1427"
                    HEIGHT="139"
                    WC="0.7439584985375405"></String>
          </TextLine>
          <TextLine ID="eSc_line_497aa344"
                    TAGREFS="LT8"
                    BASELINE="862 1185 941 1193 1656 1183 2002 1190" 
                    HPOS="857"
                    VPOS="1110"
                    WIDTH="1142"
                    HEIGHT="124">
            <Shape><Polygon POINTS="860 1182 860 1217 1298 1234 1301 1234 1371 1232 1374 1232 1377 1232 1377 1229 1380 1229 1389 1217 1406 1232 1409 1232 1412 1232 1415 1232 1511 1217 1575 1232 1577 1232 1580 1232 1583 1232 1638 1214 1851 1229 1854 1229 1996 1208 1999 1188 1993 1110 857 1115 860 1182"/></Shape>
            <String CONTENT=" Tuas nauré mon cœur par la doulceur,"
                    HPOS="857"
                    VPOS="1110"
                    WIDTH="1142"
                    HEIGHT="124"
                    WC="0.9799447812532124"></String>
          </TextLine>
          <TextLine ID="eSc_line_4e35b723"
                    TAGREFS="LT8"
                    BASELINE="837 1289 1187 1286 2084 1274" 
                    HPOS="820"
                    VPOS="1197"
                    WIDTH="1264"
                    HEIGHT="129">
            <Shape><Polygon POINTS="868 1313 1298 1326 1356 1317 1485 1323 1487 1323 1489 1323 1522 1313 1772 1317 1774 1317 1861 1305 2082 1309 2084 1274 2080 1199 2032 1197 2030 1197 2028 1197 2026 1197 2001 1214 1875 1199 1873 1199 1871 1199 1821 1218 1687 1203 1685 1203 1584 1220 1518 1206 1516 1206 1423 1222 1406 1210 1404 1210 1402 1210 1400 1210 1317 1212 1315 1212 1267 1232 1139 1232 1094 1216 1092 1216 1090 1216 1088 1216 1044 1235 933 1220 931 1220 929 1220 927 1220 902 1239 843 1235 820 1282"/></Shape>
            <String CONTENT="&amp;r D&#x27;un de tés yeulx, &amp; d&#x27;un de tés cheueulx."
                    HPOS="820"
                    VPOS="1197"
                    WIDTH="1264"
                    HEIGHT="129"
                    WC="0.9541308867170456"></String>
          </TextLine>
          <TextLine ID="eSc_line_f1c7ce1b"
                    TAGREFS="LT8"
                    BASELINE="873 1383 1993 1374" 
                    HPOS="873"
                    VPOS="1297"
                    WIDTH="1120"
                    HEIGHT="121">
            <Shape><Polygon POINTS="874 1415 1042 1406 1055 1418 1057 1418 1059 1418 1061 1418 1063 1418 1086 1408 1102 1418 1104 1418 1106 1418 1108 1418 1379 1416 1381 1416 1383 1416 1383 1414 1396 1402 1571 1416 1573 1416 1575 1416 1625 1402 1714 1410 1716 1410 1823 1398 1840 1410 1842 1410 1844 1410 1846 1410 1848 1410 1850 1410 1863 1398 1966 1398 1993 1403 1993 1299 1931 1307 1865 1297 1863 1297 1861 1297 1823 1317 1685 1299 1683 1299 1611 1311 1402 1301 1400 1301 1398 1301 1365 1319 1278 1311 1276 1311 1274 1311 1241 1321 1208 1303 1206 1303 1123 1303 1121 1303 1119 1303 1067 1325 873 1325"/></Shape>
            <String CONTENT="Las mon frere aultre bien je ne veulx."
                    HPOS="873"
                    VPOS="1297"
                    WIDTH="1120"
                    HEIGHT="121"
                    WC="0.9794583195134213"></String>
          </TextLine>
          <TextLine ID="eSc_line_130f8515"
                    TAGREFS="LT8"
                    BASELINE="2086 1468 2086 1468" 
                    HPOS="2086"
                    VPOS="1467"
                    WIDTH="0"
                    HEIGHT="18">
            <Shape><Polygon POINTS="2086 1468 2086 1485 2086 1485 2086 1467"/></Shape>
            <String CONTENT=""
                    HPOS="2086"
                    VPOS="1467"
                    WIDTH="0"
                    HEIGHT="18"
                    ></String>
          </TextLine>
          <TextLine ID="eSc_line_29ea6ee1"
                    TAGREFS="LT8"
                    BASELINE="904 1485 1518 1466 1993 1468" 
                    HPOS="902"
                    VPOS="1388"
                    WIDTH="1091"
                    HEIGHT="128">
            <Shape><Polygon POINTS="904 1485 902 1423 982 1423 1026 1400 1032 1400 1110 1419 1125 1408 1133 1408 1168 1418 1181 1406 1181 1404 1189 1404 1243 1418 1274 1396 1280 1396 1363 1408 1414 1394 1418 1394 1590 1406 1604 1396 1613 1396 1613 1398 1629 1412 1691 1390 1697 1390 1737 1408 1778 1388 1896 1388 1935 1406 1993 1405 1993 1486 1904 1487 1855 1503 1852 1503 1807 1493 1782 1505 1778 1505 1699 1503 1697 1503 1664 1489 1602 1507 1598 1507 1365 1495 1350 1509 1350 1511 1344 1511 1274 1497 1255 1512 1249 1512 1077 1499 1020 1516 1017 1516 904 1499"/></Shape>
            <String CONTENT="Que, vous naurant nauree me ſentir.e"
                    HPOS="902"
                    VPOS="1388"
                    WIDTH="1091"
                    HEIGHT="128"
                    WC="0.9740417881144418"></String>
          </TextLine>
          <TextLine ID="eSc_line_2ca89981"
                    TAGREFS="LT8"
                    BASELINE="902 1574 1662 1557 2088 1557" 
                    HPOS="900"
                    VPOS="1478"
                    WIDTH="1188"
                    HEIGHT="122">
            <Shape><Polygon POINTS="902 1574 902 1600 2088 1584 2088 1557 2086 1495 2009 1478 2007 1478 1846 1491 1790 1481 1788 1481 1786 1481 1784 1481 1784 1483 1770 1495 1747 1483 1745 1483 1743 1483 1741 1483 1699 1499 1679 1483 1677 1483 1675 1483 1673 1483 1534 1497 1454 1487 1452 1487 1338 1509 1185 1509 1131 1493 1129 1493 1127 1493 1125 1493 1123 1493 1123 1495 1104 1512 900 1512 902 1574"/></Shape>
            <String CONTENT="Par voſtre, amoin bien m&#x27;y veulx cõſentir."
                    HPOS="900"
                    VPOS="1478"
                    WIDTH="1188"
                    HEIGHT="122"
                    WC="0.9605650167132533"></String>
          </TextLine>
          <TextLine ID="eSc_line_b73b2bec"
                    TAGREFS="LT8"
                    BASELINE="908 1669 1514 1654 1842 1655" 
                    HPOS="906"
                    VPOS="1576"
                    WIDTH="936"
                    HEIGHT="124">
            <Shape><Polygon POINTS="1842 1596 1807 1596 1766 1576 1764 1576 1762 1576 1761 1576 1726 1586 1586 1578 1584 1578 1582 1578 1559 1588 1468 1578 1466 1578 1464 1578 1425 1594 1327 1580 1325 1580 1323 1580 1321 1580 1321 1582 1299 1602 1280 1592 1278 1592 1276 1592 1274 1592 1272 1592 1253 1605 1146 1605 1098 1584 1096 1584 1051 1584 1050 1584 1048 1584 1046 1584 1024 1598 955 1592 953 1592 951 1592 906 1609 908 1669 908 1698 1046 1689 1113 1700 1115 1700 1222 1689 1319 1698 1321 1698 1377 1687 1458 1697 1460 1697 1462 1697 1509 1683 1551 1695 1553 1695 1555 1695 1557 1695 1600 1681 1704 1693 1706 1693 1708 1693 1743 1679 1842 1688"/></Shape>
            <String CONTENT="Pareillement eſpouſe me clamez"
                    HPOS="906"
                    VPOS="1576"
                    WIDTH="936"
                    HEIGHT="124"
                    WC="0.9870574772357941"></String>
          </TextLine>
          <TextLine ID="eSc_line_a8b39120"
                    TAGREFS="LT8"
                    BASELINE="906 1764 2096 1741" 
                    HPOS="904"
                    VPOS="1669"
                    WIDTH="1192"
                    HEIGHT="132">
            <Shape><Polygon POINTS="906 1764 906 1789 1090 1801 1092 1801 1185 1799 1187 1799 1234 1784 1298 1791 1299 1791 1301 1791 1303 1791 1315 1782 1387 1795 1389 1795 1482 1780 1557 1791 1559 1791 1561 1791 1563 1791 1576 1780 1594 1791 1596 1791 1598 1791 1600 1791 1712 1774 1790 1786 1792 1786 1793 1786 1795 1786 1811 1774 1877 1780 1879 1780 1881 1780 1898 1770 1916 1784 1917 1784 1919 1784 1921 1784 2036 1770 2092 1778 2096 1741 2092 1681 1900 1669 1898 1669 1819 1683 1803 1671 1803 1669 1801 1669 1799 1669 1797 1669 1795 1669 1793 1669 1776 1685 1699 1687 1602 1673 1600 1673 1598 1673 1544 1689 1402 1677 1400 1677 1325 1689 1212 1681 1210 1681 1208 1681 1206 1681 1185 1698 1139 1698 1121 1683 1119 1683 1117 1683 1115 1683 1113 1683 1079 1698 904 1693 906 1764"/></Shape>
            <String CONTENT="En ce lieu là, monſtrant que vous m&#x27;oymez"
                    HPOS="904"
                    VPOS="1669"
                    WIDTH="1192"
                    HEIGHT="132"
                    WC="0.9794386582715171"></String>
          </TextLine>
          <TextLine ID="eSc_line_809907f2"
                    TAGREFS="LT8"
                    BASELINE="914 1855 2041 1839" 
                    HPOS="912"
                    VPOS="1762"
                    WIDTH="1130"
                    HEIGHT="130">
            <Shape><Polygon POINTS="2040 1782 2009 1782 1991 1764 1991 1762 1989 1762 1987 1762 1985 1762 1983 1762 1941 1782 1912 1782 1896 1766 1896 1764 1894 1764 1892 1764 1817 1764 1815 1764 1813 1764 1743 1782 1714 1766 1712 1766 1710 1766 1668 1768 1666 1768 1664 1768 1664 1770 1646 1788 1584 1788 1571 1774 1571 1772 1569 1772 1567 1772 1565 1772 1427 1789 1396 1776 1394 1776 1392 1776 1391 1776 1389 1776 1371 1788 1303 1772 1301 1772 1199 1776 1197 1776 1158 1793 1069 1782 1067 1782 1065 1782 1022 1795 947 1778 945 1778 943 1778 941 1778 912 1793 914 1855 914 1877 1040 1892 1042 1892 1168 1890 1170 1890 1172 1890 1191 1875 1360 1886 1361 1886 1445 1871 1576 1882 1578 1882 1580 1882 1582 1882 1606 1869 1652 1869 1722 1881 1724 1881 1726 1881 1728 1881 1728 1879 1737 1869 1834 1865 1871 1879 1873 1879 1875 1879 1877 1879 1879 1879 1879 1877 1894 1865 1960 1877 1962 1877 2042 1864"/></Shape>
            <String CONTENT="Et m&#x27;appellez par vraye ainour ialouſe."
                    HPOS="912"
                    VPOS="1762"
                    WIDTH="1130"
                    HEIGHT="130"
                    WC="0.9843992117123727"></String>
          </TextLine>
          <TextLine ID="eSc_line_8a1ff0f7"
                    TAGREFS="LT8"
                    BASELINE="926 1954 1466 1935 1997 1935" 
                    HPOS="924"
                    VPOS="1859"
                    WIDTH="1073"
                    HEIGHT="122">
            <Shape><Polygon POINTS="1997 1875 1970 1875 1948 1859 1947 1859 1945 1859 1896 1859 1894 1859 1782 1861 1780 1861 1778 1861 1751 1879 1654 1867 1652 1867 1650 1867 1611 1881 1516 1871 1514 1871 1513 1871 1470 1882 1398 1867 1396 1867 1363 1869 1361 1869 1360 1869 1360 1871 1344 1884 1280 1869 1278 1869 1276 1869 1274 1869 1249 1884 1175 1871 1174 1871 1172 1871 1131 1888 1051 1877 1050 1877 924 1890 926 1954 926 1974 1158 1981 1160 1981 1230 1970 1259 1979 1261 1979 1263 1979 1644 1962 1989 1968 1991 1968 1997 1967"/></Shape>
            <String CONTENT="* Ma colombe, lieue toy mon eſpouſe."
                    HPOS="924"
                    VPOS="1859"
                    WIDTH="1073"
                    HEIGHT="122"
                    WC="0.9942068407932917"></String>
          </TextLine>
          <TextLine ID="eSc_line_1a0be2fc"
                    TAGREFS="LT8"
                    BASELINE="850 2032 1117 2039 1594 2028 1979 2032" 
                    HPOS="848"
                    VPOS="1958"
                    WIDTH="1131"
                    HEIGHT="118">
            <Shape><Polygon POINTS="850 2032 850 2059 920 2059 941 2074 943 2074 945 2074 947 2076 1162 2076 1162 2074 1239 2059 1311 2072 1313 2074 1495 2074 1495 2072 1656 2057 1724 2072 1726 2072 1728 2072 1762 2055 1978 2055 1979 2032 1976 1958 1881 1970 1867 1958 1865 1958 1863 1958 1726 1958 1724 1958 1722 1958 1691 1975 1545 1975 1532 1962 1532 1960 1530 1960 1528 1960 1526 1960 1524 1960 1522 1960 1501 1975 1468 1975 1454 1962 1454 1960 1452 1960 1451 1960 1449 1960 1447 1960 1408 1972 1350 1960 1348 1960 1143 1977 848 1977 850 2032"/></Shape>
            <String CONTENT="&quot; Parquoy diray par amoureuſe Foy,, i"
                    HPOS="848"
                    VPOS="1958"
                    WIDTH="1131"
                    HEIGHT="118"
                    WC="0.9787964265088778"></String>
          </TextLine>
          <TextLine ID="eSc_line_19a1a75f"
                    TAGREFS="LT8"
                    BASELINE="868 2140 997 2134 1962 2122" 
                    HPOS="887"
                    VPOS="2043"
                    WIDTH="1076"
                    HEIGHT="134">
            <Shape><Polygon POINTS="1962 2065 1888 2043 1886 2043 1885 2043 1883 2043 1842 2057 1830 2047 1830 2045 1828 2045 1826 2045 1755 2045 1753 2045 1751 2045 1749 2045 1730 2059 1650 2047 1648 2047 1646 2047 1596 2070 1575 2053 1573 2053 1571 2053 1569 2053 1567 2053 1513 2067 1410 2053 1408 2053 1406 2053 1336 2074 1301 2051 1299 2051 1298 2051 1296 2051 1234 2053 1232 2053 1199 2070 1172 2053 1170 2053 1168 2053 1166 2053 1164 2053 1162 2053 1119 2080 997 2080 970 2063 968 2063 966 2063 964 2063 962 2063 960 2063 933 2082 887 2082 889 2150 889 2177 924 2177 924 2175 926 2175 927 2175 927 2173 943 2160 1022 2175 1024 2175 1226 2171 1305 2158 1356 2169 1358 2169 1360 2169 1361 2169 1423 2154 1443 2167 1445 2167 1447 2167 1449 2167 1451 2167 1452 2167 1468 2158 1511 2163 1513 2163 1514 2163 1516 2163 1516 2161 1528 2152 1617 2163 1619 2163 1712 2148 1890 2158 1892 2158 1894 2158 1931 2144 1963 2144"/></Shape>
            <String CONTENT="A vous ie ſuis, &amp; vous eſtes à moy."
                    HPOS="887"
                    VPOS="2043"
                    WIDTH="1076"
                    HEIGHT="134"
                    WC="0.9826569904883703"></String>
          </TextLine>
          <TextLine ID="eSc_line_7d22ad7e"
                    TAGREFS="LT8"
                    BASELINE="929 2231 2082 2210" 
                    HPOS="927"
                    VPOS="2134"
                    WIDTH="1155"
                    HEIGHT="126">
            <Shape><Polygon POINTS="929 2231 929 2249 1015 2258 1017 2258 1201 2247 1237 2260 1239 2260 1241 2260 1243 2260 1280 2251 1555 2252 1557 2252 1559 2252 1561 2252 1575 2243 1584 2252 1586 2252 1588 2252 1590 2254 1656 2254 1656 2252 1658 2252 1681 2241 1712 2251 1714 2251 1716 2251 1764 2241 1859 2249 1861 2249 1863 2249 1865 2249 1890 2233 2001 2245 2003 2245 2082 2229 2082 2210 2078 2140 1931 2134 1929 2134 1852 2152 1830 2136 1828 2136 1826 2136 1768 2136 1766 2136 1764 2136 1728 2152 1669 2138 1668 2138 1557 2160 1468 2142 1466 2142 1464 2142 1462 2142 1431 2161 1350 2152 1348 2152 1346 2152 1344 2152 1330 2163 1267 2146 1265 2146 1263 2146 1261 2146 1216 2165 951 2161 949 2161 947 2161 927 2169 929 2231"/></Shape>
            <String CONTENT="Vous me nõmez amnye, eſpouſe, &amp; belle:"
                    HPOS="927"
                    VPOS="2134"
                    WIDTH="1155"
                    HEIGHT="126"
                    WC="0.9714573300801791"></String>
          </TextLine>
          <TextLine ID="eSc_line_25afa82c"
                    TAGREFS="LT8"
                    BASELINE="922 2324 1973 2304" 
                    HPOS="920"
                    VPOS="2229"
                    WIDTH="1053"
                    HEIGHT="128">
            <Shape><Polygon POINTS="1971 2245 1966 2245 1941 2229 1939 2229 1937 2229 1935 2229 1933 2229 1910 2241 1836 2229 1834 2229 1832 2229 1788 2247 1772 2233 1770 2233 1768 2233 1660 2233 1658 2233 1656 2233 1654 2233 1631 2251 1590 2243 1588 2243 1586 2243 1551 2252 1534 2237 1534 2235 1532 2235 1530 2235 1528 2235 1526 2235 1524 2235 1497 2252 1391 2252 1375 2241 1373 2241 1371 2241 1369 2241 1367 2241 1311 2258 1265 2241 1263 2241 1261 2241 1259 2241 1220 2258 1174 2243 1172 2243 1170 2243 1046 2245 920 2266 922 2324 922 2344 1115 2357 1117 2357 1317 2338 1468 2349 1470 2349 1534 2340 1671 2345 1673 2345 1675 2345 1735 2330 1764 2340 1766 2340 1768 2340 1855 2328 1875 2342 1877 2342 1879 2342 1881 2342 1883 2342 1904 2332 1973 2338"/></Shape>
            <String CONTENT="Si ie le ſuis, vous m&#x27;auez faicte telle:"
                    HPOS="920"
                    VPOS="2229"
                    WIDTH="1053"
                    HEIGHT="128"
                    WC="0.9853289157152176"></String>
          </TextLine>
          <TextLine ID="eSc_line_3489f0ea"
                    TAGREFS="LT8"
                    BASELINE="922 2417 2096 2392" 
                    HPOS="920"
                    VPOS="2322"
                    WIDTH="1176"
                    HEIGHT="132">
            <Shape><Polygon POINTS="922 2417 922 2442 1009 2454 1011 2454 1077 2444 1098 2452 1100 2452 1102 2452 1104 2452 1133 2438 1174 2446 1175 2446 1177 2446 1179 2446 1193 2437 1280 2448 1282 2448 1375 2433 1606 2440 1607 2440 1609 2440 1644 2429 1700 2438 1702 2438 2096 2423 2096 2392 2092 2334 1908 2322 1906 2322 1838 2324 1836 2324 1795 2342 1625 2344 1609 2332 1609 2330 1607 2330 1606 2330 1549 2330 1547 2330 1485 2340 1346 2336 1344 2336 1342 2336 1340 2336 1321 2349 1280 2336 1278 2336 1276 2336 1274 2336 1236 2351 1189 2338 1187 2338 1185 2338 1183 2338 1181 2338 1162 2353 958 2347 957 2347 955 2347 920 2357 922 2417"/></Shape>
            <String CONTENT="Las vous plaiſt il telz noms me deſpatir."
                    HPOS="920"
                    VPOS="2322"
                    WIDTH="1176"
                    HEIGHT="132"
                    WC="0.963959689547376"></String>
          </TextLine>
          <TextLine ID="eSc_line_2f73fcfa"
                    TAGREFS="LT8"
                    BASELINE="920 2510 2052 2490" 
                    HPOS="918"
                    VPOS="2413"
                    WIDTH="1134"
                    HEIGHT="130">
            <Shape><Polygon POINTS="2051 2429 2038 2429 2016 2413 2014 2413 2012 2413 2010 2413 1923 2415 1921 2415 1919 2415 1898 2431 1795 2417 1793 2417 1679 2435 1470 2423 1468 2423 1466 2423 1437 2438 1377 2425 1375 2425 1373 2425 1329 2440 1268 2433 1267 2433 1265 2433 1228 2442 1185 2429 1183 2429 1181 2429 1179 2429 1154 2442 1061 2431 1059 2431 1057 2431 1020 2446 986 2433 984 2433 982 2433 918 2444 920 2510 920 2543 1152 2543 1154 2543 1187 2533 1241 2543 1243 2543 1367 2526 1449 2539 1451 2539 1452 2539 1454 2539 1454 2537 1468 2524 1675 2535 1677 2535 1793 2518 1857 2531 1859 2531 1861 2531 1863 2531 1877 2520 1883 2524 1883 2526 1885 2526 1886 2526 1888 2526 2052 2514"/></Shape>
            <String CONTENT="Ilz ſont dignes de faire vn cœur partir,"
                    HPOS="918"
                    VPOS="2413"
                    WIDTH="1134"
                    HEIGHT="130"
                    WC="0.9941033750772477"></String>
          </TextLine>
          <TextLine ID="eSc_line_75afa857"
                    TAGREFS="LT8"
                    BASELINE="927 2601 2052 2581" 
                    HPOS="926"
                    VPOS="2510"
                    WIDTH="1126"
                    HEIGHT="130">
            <Shape><Polygon POINTS="2050 2511 2047 2510 2045 2510 2043 2510 1939 2520 1917 2512 1916 2512 1914 2512 1797 2530 1743 2516 1741 2516 1739 2516 1737 2516 1693 2531 1559 2520 1557 2520 1555 2520 1553 2520 1553 2522 1542 2531 1520 2524 1518 2524 1516 2524 1371 2537 1356 2526 1356 2524 1354 2524 1352 2524 1267 2524 1265 2524 1263 2524 1261 2524 1241 2537 1172 2526 1170 2526 1168 2526 1166 2526 1166 2528 1154 2539 1125 2528 1123 2528 1121 2528 1119 2528 1117 2528 1096 2543 1017 2543 993 2531 991 2531 989 2531 926 2545 927 2601 929 2640 968 2624 1022 2640 1024 2640 1026 2640 1028 2640 1030 2640 1051 2622 1088 2622 1104 2636 1104 2638 1106 2638 1108 2638 1110 2638 1112 2638 1143 2626 1152 2634 1152 2636 1154 2636 1156 2636 1158 2636 1232 2630 1234 2630 1236 2630 1236 2628 1245 2621 1294 2634 1296 2634 1298 2634 1299 2634 1338 2622 1354 2634 1356 2634 1358 2634 1360 2634 1445 2632 1503 2619 1549 2630 1551 2630 1553 2630 1555 2630 1609 2615 1648 2628 1650 2628 1652 2628 1654 2628 1693 2615 1788 2626 1790 2626 1906 2607 1979 2617 1981 2617 1983 2617 2009 2603 2052 2602"/></Shape>
            <String CONTENT="Mourir, bruſler par amour importable:"
                    HPOS="926"
                    VPOS="2510"
                    WIDTH="1126"
                    HEIGHT="130"
                    WC="0.9665497944161698"></String>
          </TextLine>
          <TextLine ID="eSc_line_2362d101"
                    TAGREFS="LT8"
                    BASELINE="922 2698 2111 2675" 
                    HPOS="920"
                    VPOS="2599"
                    WIDTH="1191"
                    HEIGHT="225">
            <Shape><Polygon POINTS="924 2787 999 2770 1050 2779 1112 2824 1113 2824 1115 2824 1114 2735 1310 2738 1352 2818 1354 2818 1356 2818 1356 2764 1437 2745 1530 2745 1571 2766 1573 2766 1575 2766 1576 2766 1631 2746 1677 2768 1679 2768 1681 2768 1759 2760 1792 2777 1793 2777 1795 2777 1797 2777 1799 2777 1838 2745 1917 2768 1919 2768 1921 2768 1923 2768 1925 2768 1972 2739 2038 2764 2040 2764 2041 2764 2043 2764 2045 2764 2045 2762 2078 2735 2111 2735 2111 2675 2107 2605 1910 2599 1908 2599 1906 2599 1904 2599 1871 2621 1710 2622 1561 2607 1559 2607 1557 2607 1499 2626 1350 2613 1348 2613 1346 2613 1313 2630 1290 2613 1288 2613 1286 2613 1284 2613 1174 2626 1143 2615 1141 2615 1139 2615 1137 2615 1113 2626 1082 2619 1081 2619 1079 2619 1077 2619 1075 2619 1051 2636 978 2636 949 2624 947 2624 945 2624 943 2624 920 2630 922 2698"/></Shape>
            <String CONTENT="Penſent rlener tror plu que raiſonblr"
                    HPOS="920"
                    VPOS="2599"
                    WIDTH="1191"
                    HEIGHT="225"
                    WC="0.8806386501402468"></String>
          </TextLine>
        </TextBlock>
        <TextBlock HPOS="609"
                   VPOS="1054"
                   WIDTH="251"
                   HEIGHT="113"
                   ID="eSc_textblock_96245f34"
                   TAGREFS="BT13">
          <Shape><Polygon POINTS="609 1054 609 1167 860 1167 860 1054"/></Shape>
          <TextLine ID="eSc_line_ce5356b2"
                    TAGREFS="LT8"
                    BASELINE="630 1133 846 1129" 
                    HPOS="624"
                    VPOS="1054"
                    WIDTH="221"
                    HEIGHT="151">
            <Shape><Polygon POINTS="711 1054 682 1054 653 1054 648 1054 624 1069 627 1130 627 1182 662 1203 665 1203 668 1205 755 1205 755 1203 758 1203 761 1203 761 1200 787 1176 845 1173 845 1127 839 1072 726 1054 711 1054"/></Shape>
            <String CONTENT="Cat.4."
                    HPOS="624"
                    VPOS="1054"
                    WIDTH="221"
                    HEIGHT="151"
                    ></String>
          </TextLine>
        </TextBlock>
        <TextBlock HPOS="619"
                   VPOS="1889"
                   WIDTH="265"
                   HEIGHT="106"
                   ID="eSc_textblock_78a2e729"
                   TAGREFS="BT13">
          <Shape><Polygon POINTS="619 1889 619 1995 884 1995 884 1889"/></Shape>
          <TextLine ID="eSc_line_3e81be41"
                    TAGREFS="LT8"
                    BASELINE="668 1970 885 1962" 
                    HPOS="666"
                    VPOS="1892"
                    WIDTH="219"
                    HEIGHT="153">
            <Shape><Polygon POINTS="666 1937 668 1970 670 2043 718 2045 720 2045 722 2045 724 2045 724 2043 745 2024 813 2041 815 2041 817 2041 819 2041 821 2041 821 2039 850 2006 885 2005 885 1962 881 1917 844 1917 794 1892 792 1892 790 1892 788 1892 740 1915 697 1896 695 1896 693 1896 691 1896 689 1896 689 1898 678 1908 666 1937"/></Shape>
            <String CONTENT="Cantai."
                    HPOS="666"
                    VPOS="1892"
                    WIDTH="219"
                    HEIGHT="153"
                    WC="0.9704091463770185"></String>
          </TextLine>
        </TextBlock>
      </PrintSpace>
    </Page>
  </Layout>
</alto>
