2168 3481
87 386 1005 143 Si mon peché pardonné, eſt la gloire

83 489 1191 149 De mõ Saulueuer, pareillement puis croire,

88 576 1132 147 Qu'außi la miẽne en eſt donc augmentée:

75 671 1006 135 Puis qu'en luy ſuis inſerée & entée.

75 763 1066 142 Son honneur ſeul hõnore tous lés ſiens,

67 850 1043 145 Et ſa richeſſe emplit chaſcun de biens.

114 949 1114 149 Enfer eſt donc par luy du tout deſtruict,

63 1044 1006 137 Peché vaincu, qui tant a eu de bruyt.

59 1139 964 135 Goulu Enfer, ou eſt voſtre defenſe?

59 1228 1027 145 Vilain peché, ou eſt voſtre puiſſance?

56 1328 986 134 O mort, ou eſt icy voſtre * victoire,

58 1415 1168 149 Voſtre aguillon, dont tant eſt de memoire?

44 1510 1203 153 En nous cuidant donner mort, donnez vie:

40 1605 977 139 Le contraire faites de voſtre enuié.

38 1696 888 137 Et vous peché, qui à damnation

42 1786 917 142 Voulez tirer tous ſans remißion,

36 1875 1186 159 Vous nous ſeruez d'eſperon & d'eſchelle,

27 1972 918 139 Pour atteindre Ieruſalem la belle:

23 2069 938 137 Cuidant faire par maligne nature

19 2162 903 135 Au Createur perdre ſa creature.

15 2252 1079 147 Plus par ſa grace aduancez ſon retour,

15 2340 953 145 Et à ſon Dieu la faites par amour

11 2436 1033 143 Plus que iamais reuenir humblement.

7 2527 1019 141 Et le ſeruir & aymer * doublement.

8 2613 1155 224 Sa grãd' bonté vous fait perdre la peine,

833 2748 118 119 d 4

1278 1378 242 126 1.Cor.15.

1255 2568 207 152 Rom.5.
