2236 3487
255 348 1056 177 A elle tort l'ame qui mort vouldroit

200 496 1154 131 Pour vn tel bien? nenny, elle a bon droict:

200 589 925 120 Car * pour auoir vie tant eſtimée,

200 688 1157 111 Bien doibt nommer la mort ſa bien aymée.

244 781 997 119 O doulce mort gratieuſe douleur,

203 863 977 130 Puiſſante clef deliurant de malheur

203 970 1079 110 Ceulx qui par mort eſtoient mortifiez.

203 1057 1137 128 Pour ſ'eſtre en vous & voſtre mort fiez,

209 1150 1131 125 Vous lés auez mis par vn doulx dormir,

203 1240 1032 134 Hors de la mort, qui lés faiſoit gemir.

241 1333 1160 119 Las bien heureux eſt de mort le ſommeil,

206 1432 957 125 A cil qui treuue la vie à ſon reueil

203 1525 1204 113 Par voſtre mort la mort n'eſt au chreſtien,

209 1615 881 116 Que liberté de ſon mortel lien.

206 1708 1111 125 La mort qui eſt aux mauluais effraiable,

209 1801 1140 131 Elle eſt aux bons plaiſante & aggreable.

226 1891 1204 131 Or eſt dõc mort ꝑ voſtre mort * deſtruicte:

209 1984 1204 125 Parquoy mõ Dieu, ſi i'eſtois bien inſtruicte,

206 2086 980 113 La mort dirois vie, & la vie mort,

209 2179 977 116 Fin de labeur, entrée du ſeur port:

209 2275 820 107 Car de vie la grand' fruition

209 2365 965 122 M'empeſche trop de voſtre viſion.

257 2460 1240 118 O mort venez rompez moy ceſt obſtacle:

209 2545 1116 119 Ou bien amour faictes én moy miracle:

212 2641 1145 206 Puis que par mort encores ne puis veoir

1102 2743 98 188 b 5

1413 511 264 224 philip.1.

1448 1900 180 203 Ebr.2.
