2133 3487
887 410 879 128 Et de grace ſi bien me reueſtir,

887 517 1139 114 Et me couurir, que més maulx & pechez

887 610 1050 114 Ne voyez plus: tant les auez cachez.

891 697 1052 124 Si que de vous ſemblent en oubly mis,

906 794 1161 118 Voyre & de moy qui lés ay tous commis.

883 887 1085 112 Foy & amour m’en donnet oubliance,

885 978 1139 116 Mettant du tout en vous ſeul ma fiance.

949 1071 1156 120 Dõcques mõ pere, ou giſt amour nõ feĩcte,

887 1170 1216 120 De quoy puis ie en mon cœur auoir crainte?

903 1255 1106 126 Ie confeſſe que i'ay faict tous lés maulx,

900 1356 1180 122 Que faire on pœut: et q̃ riens ie ne vaulx.

895 1447 1164 120 Et que vous ay, cõme l'enfant prodigue,

895 1536 959 110 Abandonné ſuyuant la folle ligue,

900 1629 1070 118 Ou deſpendu i’ay toute ma ſubſtance:

896 1724 1097 114 Et tous voz biens receuz en abondace:

902 1813 1076 120 Mais paouerté m'a ſeiché comme fein,

904 1908 1103 118 Et mon eſprit rendu tout mort de faim,

912 2003 1135 120 Cerchant menger le relief dés porceaulx:

910 2096 1203 127 Mais peu de gouſt trouuois en telz morceaux

906 2198 1114 105 Dont en voyant mon cas mal attourné,

925 2287 1178 111 A vous mon Pere * par vous ſuis retourné.

922 2378 1133 117 Las, * i'ay peché au ciel, & deuant vous:

893 2471 1015 113 " Digne ne ſuis (ie le dy deuant tous)

880 2557 1130 122 " Me dire enfant, mais Pere debonnaire,

860 2653 1127 212 " Ne me faictes pis qu'a vn mercenaire.

645 1255 247 118 Iaques.3.

670 2301 235 91 Iehan.6.

674 2382 217 111 Luc.15.
