2133 3487
949 309 1030 148 Force fueilles entrent en mon oreille:

951 412 1141 145 Außi mon nez eſt tout bouſché de fleurs,

962 507 1134 138 Voylà comment en peine, criz, & pleurs

953 608 988 124 En terre giſt ſans clarté ne lumiere

957 689 1131 151 Ma paoure ame, eſclaue & priſonniere,

947 788 1040 134 Lés piedz liez par ſa concupiſcence,

904 877 1163 149 Et lés deux bras par ſon accouſtumãce,

951 974 1056 139 En moy ne giſt le pouoir du remede,

949 1071 1075 135 Force ie n'ay pour bien crier à l'ayde.

1013 1164 1059 139 Brief, à iamais à ce que ie puis veoir,

955 1257 889 128 Eſperance de fin ne doy auoir:

953 1348 999 137 Mais ſa grace, que ne puis meriter,

958 1439 1083 141 Qui poeut de mort chaſcun reſuſciter,

957 1536 999 128 Par ſa clarté * ma tenebre illumine:

953 1631 972 139 Et ſa vertu qui ma faulte examine,

947 1724 1139 141 Rompant du tout le voile d'ignorance,

945 1822 1162 132 Me donne au vray bien claire intelligence

957 1917 1160 134 Que c'eſt de moy, & qui en moy demeure,

953 2005 1090 137 Et ou ie ſuis, & pourquoy ie labeure:

953 2101 939 132 Qui eſt celluy lequel i'ay offenſé,

943 2194 982 134 Auquel ſi peu de ſeruir i'ay penſé.

945 2285 1174 144 Par quoy il fault que mon orgueil r'abaiſſe,

945 2380 1153 140 Et qu'humblement en plorant ie confeſſe,

964 2479 1155 130 Que quãd à moy, ie ſuis trop moins q̃ riens:

960 2572 1122 215 Auant la vie * bouë, & aprés fiens:

709 1555 215 159 Iehan.1.

709 2495 220 106 Iob.10.

703 2566 168 115 &.30.
