2236 3487
119 357 1076 116 Des fideles vertueux, bons & ſainctz

104 432 1047 137 Vimalade pœut biei paſter lés ſains.

116 542 1156 114 Mais qu'a uous faict voyãt marepẽtence!

116 633 927 107 Toſt auez mis fin, à ma penitence:

114 730 1173 118 Par. yraye amour en vous non ſeiournée,

116 821 916 112 Auez priez & ie ſuis retournée,

164 912 967 116 O quel frere, qui en lieu de punir.

116 1003 927 114 Sa folle ſœur, la veult à luy vnir.

116 1098 1226 114 Pour iniure, murmure, ou grande offenſe,

118 1195 1222 106 Grace & amour luy donne en recompenſe

116 1282 1224 110 C'eſttrop,c' eſt trop, helas c'eſt tropmõfrerez

118 1381 1121 108 A moy paoie ne debuez tel tour faire.

116 1470 1122 116 Pay faict le mal, vous me rendez le bien:

122 1565 1116 112 Voſtre ie ſuis, & vous vous dites mien.

91 1643 1149 140 pei lu cubr dillu&

124 1751 1023 114 Et veulx eſtre voſtre eternellement.

116 1842 1168 122 Puus ie ne crains d’Aaron la grand follie:

118 1939 912 114 Nul ne ſera qui de vous me deſlie.

164 2032 1180 116 Oor puis que frere et ſoeur enſemble ſõmes,

116 2119 1226 124 Il me chault peu de tous lés aultres hõmes.

129 2221 1107 111 Voſtrex terre, c’eſt mon vray heritaige.

118 2305 1209 122 Ne faiſõs plus ſ'il vous plaiſt qu’un mcſnaige.

118 2398 1133 135 Puis qu’'il vous plaiſt tant vous humilicr,

118 2497 912 120 De yoſtre cœur auec le nuien lier,

120 2588 959 191 En vois foiſaut honme peifuienene

1276 2206 268 213 poie.
