2133 3487
937 329 1095 126 De mõ malheur vous * vinſiez au deuãt

926 426 1083 116 En me donnant tant d’aduertiſſementz

924 521 1094 120 Par parolle, par Foy, par ſacrementz,

927 617 940 111 M’admoneſtant par predication:

922 709 904 108 Me conſolant par la reception

902 796 1153 128 De voſtre corps treſdigne & ſacré ſang:

918 898 1092 113 Me promettant de me remettre au rang

916 987 1151 123 Dés bienheureux en parfaicte innocence:

916 1084 1067 111 I'ay tous ſes biens remis en oubliance.

914 1177 1098 122 Ma promeße ſouuent vous ay rompue:

920 1272 1106 115 Car trop eſtoit ma paoure ame repeuë

912 1361 1147 122 De mauluais pain & damnable doctrine:

916 1452 1019 121 En deſpriſant ſecours & medecine.

914 1547 1015 124 Et quand außi l'euſſe voulu querir,

914 1640 1085 126 Nul ne cognois qu'euſſe peu requerir:

920 1737 1063 120 Car il n’y a homme, ny ſainct, ny ange,

916 1834 1203 120 Par qui le cœur iamais d’un pecheur chãge.

980 1931 1069 114 Las bon IESVS, voyant ma cecité,

906 2016 864 116 Et que ſecours en ma neceßité

912 2113 998 114 Ne puis auoir * d’aulcune creature:

908 2202 1060 116 De mon ſalut auez faict l'ouuerture.

916 2299 1186 118 Quelle bonté, mais quelle grand' doulceur:

910 2384 1071 120 Eſt il du pere à fille, ou frere à ſœur,

916 2485 1133 114 Qui vn tel tour iamais euſt voulu faire,

918 2574 1143 182 Tant fuſt il doulx, piteux & debonnaire?

668 325 256 120 Apoca.3.

668 2132 209 122 Actes.4
