2133 3487
860 371 1073 148 " A lés tromper tu mettois ton eſtude.

844 472 1079 145 " Parquoy ayant ta malice accomplie,

858 563 1088 144 " Tout à l'entour de toy tu as remplie.

862 660 895 130 " Et couuerte de ton infection

852 765 960 124 " Toute la terre par fornication.

848 848 1195 147 " Ton viſaige, ton oeil, ton front, ta face,

889 937 1106 145 " Auoit changé du tout ſa bonne grace:

842 1038 1055 130 " Car tel' eſtoit que d'une meretrice:

851 1121 1098 145 " Et ſi n'as eu vergoingne de ton vice.

962 1224 839 130 Et le ſurplus que Ieremie dit.

898 1315 1190 141 Qui contraignoit mõ cœur ſans contredit

883 1410 1071 135 De cognoiſtre mon eſtat malheureux:

889 1505 1110 139 Et regretter par ſouſpirs douloureux:

881 1588 1133 145 L'heure, le iour, le tẽps, le mois, l'année,

893 1691 1199 139 Que vous laiſſay: me rendant condamnée.

881 1786 1178 137 Par moymeſme iugeant mon cœur infame

883 1871 1081 141 D'eſtre ſans fin en l'eternelle flamme.

890 1960 1073 149 Ceſte * crainte (qui de moy ne procede,

871 2065 1213 141 Mais vient de vous & tout plaiſir excede)

879 2158 1070 137 M'auoir quaſi par viue cognoiſſance

881 2249 1069 139 De mon peché miſe en deſeſperance:

879 2340 1015 137 Si n'euſt eſté, que ne m'auez laiſſée:

883 2437 1069 133 Quar außi toſt qu'auez veu abaiſſée

867 2530 1087 131 Ma volunté ſoubz voſtre obeiſſance,

858 2617 1073 215 Auez vſé de voſtre grand' clemence:

641 1941 286 176 Prou.15.
