2236 3487
255 328 1126 142 Recepuez vous ceſte indigne perſonne:

255 437 1151 117 Me redonnant le ſceptre & la couronne

251 526 1235 126 De voſtre empire & Royaulme de gloyre?

255 619 1075 122 Qui ouyt onc parler de telle hiſtoire,

251 714 1079 125 De moins que riens eſleuer ſi treſhault,

249 809 1081 118 Faire valoir, qui de ſoy riens ne vault?

265 900 1211 124 Las qu'eſt cecy: iettant en hault ma veuë,

248 993 985 117 Ie voy en vous bonté ſi incogneuë,

248 1079 1061 132 Grace & amour ſi inconprehenſible,

248 1179 1061 120 Que la veuë m'en demeure inuiſible:

248 1266 1062 130 Et par force fait mon regard ceſſer.

249 1363 1201 126 Qui me conſtrainct en bas lés yeulx baiſſer.

244 1456 1072 128 A l'heure voy en ce regard terreſtre,

244 1551 1072 130 Ce que ie ſuis, & que i'ay voulu eſtre.

242 1638 1112 132 Helas ie y voy de més maulx la laydeur,

248 1731 1000 130 L'obſcurité, l'extreme profondeur,

242 1836 1006 107 Ma mort, mon rien, & ma nichilité:

240 1927 1044 118 Qui rend mon oeil clos par humilité.

238 2014 1124 134 Le bien de vous, qui eſt tant admirable:

236 2107 1022 118 Le mal de moy trop inconſiderable,

249 2200 1132 130 Voſtre haulteur, voſtre eſſence treſpure:

234 2297 1014 120 Ma treſfragile & mortelle nature.

238 2374 1093 142 Voz dons, voz biens, voſtre beatitude:

232 2475 974 134 Ma malice, & grande ingratitude.

238 2574 1205 221 Quel vous m'eſtes: & quelle ie vous ſuis.

1023 2711 174 133 c 4
