2279 3481
23 402 847 120 Et cognois bien mon infidelité,

25 491 895 129 Digne, d'Eenfer, & ſa crudelité.

29 591 922 126 Si ſeulement mon merite regarde,

23 676 1054 138 Rien ie ne voy, qui de ce feu me garde.

32 752 1227 149 Il eſt tout vray, qu'il n'eſt que pour le diable:

27 866 1201 137 Et n'eſt point fait pour l'hõme raiſonnable:

23 955 961 131 Mais touteſfois, ſ'il a mis ſon eſtude

23 1052 892 131 De l'ennemy prendre ſimilitude:

36 1144 1180 140 C'eſt bien raiſon, que (comme luy) il ſoit

25 1247 853 120 Retribué du loyer qu'il reçoit.

59 1334 999 128 Car ſi l'homme par contemplation,

25 1431 936 123 Amour, vertu, bonté, perfection,

23 1520 936 121 De l'Ange tient, & à la fin herite

25 1614 994 130 Au Ciel, le lieu de ſemblable merite:

25 1713 818 114 Le vicieux en Enfer eſt puny,

27 1810 837 118 Auec * celluy à qui il ſ’eſt vny.

27 1895 1060 129 Puis qu'a Satan du tout ſ'eſt comparé,

27 1991 951 124 Il tient le lieu qui luy eſt * preparé.

29 2084 988 120 Cecy bien peu mon eſperit conforte,

30 2169 1022 132 Penſant dés deux la differente ſorte.

30 2256 1152 138 Nier ne puis qu’au mauluais ne reſemble,

34 2361 1231 129 Trop plus qu'au bõ: ꝑquoy ie crains et trẽble.

32 2450 919 125 Car de l'Ange la vie eſt ſi celeſte,

38 2546 1099 122 Que rien n'en tiens: cela ie le proteſte.

46 2635 1110 190 Mais de l'aultre i'en ay tant de ſemblance,

886 2746 102 137 d 3

1243 1763 258 122 Sapiẽ.18.

1243 2013 258 141 Matt.25.
