2133 3487
883 333 1201 172 Tant de malice, & tant d'accouſtimance

887 435 1174 165 Que de ſon mal, de ſa peine & tourment

871 530 992 151 Participer doy par vray iugement.

881 627 1124 155 Grand & trop grand eſt le cruel peché,

873 714 930 138 Qui en Enfer m'a ſi fort attaché.

864 807 995 151 Enfer eſt fort ne laiſſant rien ſaillir,

864 900 1115 155 Et ſi ne craint qu'on le vienne aſſaillir.

860 986 1207 178 Le fort eſt fort, mais quãdx le plus fort vient

860 1092 1026 151 Le fort ne ſçait que ſa force deuient.

854 1185 1114 151 Peché eſt fort, qui en Enfer nous maine:

848 1280 1178 149 Et ne voy nul, qui par merite ou peine

854 1365 1156 161 Ait iamnais ſceu vaincre & tuer ce Fort,

842 1458 1012 161 Fors celluy ſeul, qui a faict tel effort

841 1563 933 137 Par charité, que * mort humilié,

856 1654 852 149 Son * ennemy a vaincu & lié,

831 1743 1007 153 Enfer rompu, & briſe ſon pouoir:

829 1834 1172 161 Dont maintenant ne poeut puiſſance auoir

823 1935 990 137 De plus tenir captiue & en tutelle

819 2024 1040 149 La paoure ame, qui eſt à Dieu fidele.

889 2129 1120 143 Parquoy croyant de luy la grand' vertu,

811 2208 953 145 Enfer, peché, ie n'eſtime vn feſtu.

807 2303 1143 153 Dequoy me nuoyt peché, ſinon de mieul,

802 2402 1084 139 Monſtrer mon Dieu miſericordieux,

796 2491 1152 141 Fort &, puiſſant, entierement vainqueur

790 2580 1176 236 De tout le nal qui el atlen non cœin

610 978 213 135 Luc.ui.

587 1580 239 95 Philip.2

587 1667 246 109 Ephe.4.
