2133 3487
794 335 823 141 Et ſans l’ayde de la Diuinité,

790 437 878 140 Qui delaiſſa la partie ſenſible.

794 530 897 144 O doulxI ESVS à dire verité,

788 619 903 148 Voſtre amour eſt de telle qualité

780 714 930 151 Que la ſource en eſt ineſpuiſible.

767 807 1174 165 Bien que l'effect par mort nous eſt viſible.

771 900 836 146 Si eſt il tel, que mon infirnité

757 1003 1046 143 Le mercier trerue incomprehenſible:

757 1092 990 147 Contentez vous de noſtré humilité,

809 1191 1118 149 Helas mon Dieu on ne ſçauroit trouuer

751 1278 1149 161 Semblable à vous, qui daignez preſeruer

751 1375 1010 143 Vous rachetez & créez ſeruiteurs.

749 1468 1081 147 Vous lés voulez mainteſfois eſprouuer,

728 1565 1217 151 Pour voz graces mieulx en eulx approuuer,

724 1650 1228 165 Par maintz plaiſirs, richeſſes, & honneurs

712 1749 961 133 Puis par peines, maladies, labeurs,

716 1840 1198 153 Craintes, hontes, pertes, ennuitz, douleurs,

707 1933 1077 141 En lés faiſant en voſtre vigne ouurer,

701 2028 1228 149 Pour voz vertuz en eulx mieulx conſeruer.

707 2125 1220 149 Mais quand voyez le trauail de leurs cœurs

701 2218 965 135 Importable par leur ame obſeruer,

699 2309 1029 133 Les deliurez ſans vouloir reprouuer

695 2402 1193 151 Voſtre ouuraige, en couurãt leurs erreurs.

678 2491 1057 147 Pour qui auez ietté larmes & pleurs,

676 2584 1005 232 Aafpou de tou par auoir recouure
