2240 3486
959 379 1224 138 Mon doulx Eſpoux: par voſtre grãd pouoir

972 489 1101 113 Tranſformez moy en luy toute viuante:

982 582 1118 117 Et en repos i'attendray mieulx l'attente.

972 673 1169 119 Faictes * moy donc en luy viuant' mourir:

761 763 1420 122 Aultre que vous ne me poeut ſecourir.

1042 856 1135 125 O mõ Saulueur par Foy ie ſuis * plantée,

966 956 1211 116 Et par amour en vous ioincte & entée.

809 1034 1339 128 Quellé vnion, quelle bienheureté,

963 1136 1214 124 Puis que par Foy i'ay de vous ſeureté.

959 1235 1199 116 Nommer vous puis par amour hardi^ment

972 1324 1186 126 * Filz, Pére, Eſpoux, & Frere entieremẽt

961 1423 1094 118 Pere, Frere, Filz, Mary: ô quelz dons,

955 1514 1118 122 De me donner le bien de tous cés noms.

961 1609 854 116 O mon Pere quelle paternité,

957 1702 907 112 O mon Frere, quelle fraternité,

955 1787 905 128 O mon Enfant, quelle dilection,

955 1892 1015 108 O mon Eſpoux, quelle conionction.

949 1979 1068 116 Pere enuers moy plein de manſuetude,

953 2078 996 116 Frere ayant prins noſtre ſimilitude,

945 2165 979 120 Filz engendré par Foy & charité,

947 2260 971 122 Mary aymant en toute extremité.

988 2358 1113 101 Mais qui eſt ce que vous aymez? helas

947 2446 895 120 Celle qu'auez retirée dés laqs,

949 2538 886 117 Ou elle eſtoit liée par malice:

937 2628 1041 218 Luy redonnant le lieu, nom & office

715 588 249 111 Ionas.4.

726 844 248 132 Rom.11.

720 1322 226 118 Iehan.1.
