2229 3481
1013 286 1034 143 Me redonnant la part de voſtre lict.

1010 386 1176 147 En me monſtrant, que més pechez diuers

1006 479 1048 141 Par la bonté de vous ſont ſi couuers,

1010 574 1189 147 Et ſi vaincuz par voſtre grand' victoire.

1013 671 1186 135 Que n'en voulez iamais auoir memoire:

1008 761 1062 144 Et que la grace en moy auez encloſe,

1008 854 1184 145 Qui vous garde de n'y veoir aultre choſe,

1011 949 1150 139 Sinon lés dons donnez de voſtre dextre,

998 1046 1184 135 Et lés vertuz, qu'il vous a pleu y mettre.

1071 1137 1103 139 O charité bien voy que voſtre ardeur

988 1224 977 143 Icy deſfaict & bruſle ma laydeur:

982 1320 945 136 Et me refaict creature nouuelle,

980 1411 1107 149 Pleine de Dieu, qui me faict eſtre belle.

980 1508 1069 141 Ce qui eſt mien auez du tout deſtruict,

959 1601 952 135 Sans y laiſſer renommée ne bruit:

975 1696 1023 135 En me daignant ſi parfaicte refaire,

979 1796 1215 137 Que tout le biẽ qu'un vray eſpoux pœut faire

971 1879 1192 147 A ſon eſpouſe, vous l'auez faict à moy:

973 1980 1188 135 En me donnant de voz promeſſes Foy.

1040 2071 1115 141 Or ay ie donc par voſtre bonne grace,

963 2162 954 137 De l'eſpouſe recouuerte la place.

969 2252 1087 142 Bienheureux lieu, place tant deſirable,

963 2343 1157 143 Gratieux lict, throſne treſhonnorable,

961 2448 1045 133 Siege de paix, repos de toute guerre,

961 2535 1171 189 Haultain d'honneur ſeparé de la terre,
