2133 3487
927 317 1043 132 Et bien ſouuent en faiſois mocquerie.

927 420 952 122 Si lon diſoit en oyant vn ſermon,

927 513 1054 124 Il a bien dict: ie reſpõdois, Ce a mon.

926 610 1098 122 La parolle ſ'en vouloit comme plume.

924 701 1023 124 A l'egliſe n'allois que par couſtume.

929 792 1195 130 Toꝰ mes beaux faictz n'eſtoiẽt qu'hypocrisie

929 891 1128 124 Quar i'auois bien ailleurs ma phantaſie.

924 982 1075 122 Il m'ennuyoit d'ouir de vous parler:

922 1075 1125 120 I'aymois bien mieulx à mon plaiſir allér.

989 1168 1089 126 Pour faire court, tout ce que defendez,

916 1261 1046 124 Ie le faiſoye: & ce que commandez,

916 1357 957 117 Ie le fuioye, & le trouuoye amer:

922 1452 1162 113 Tout par faulte mon Dieu de vous aymer.

980 1543 1114 132 Mais mon Seigneur pour vous auoir hay

908 1627 876 130 Abandonné, laiſſé, fuy, trahy,

941 1726 1023 127 Pour voſtre lieu à vn aultre donner,

914 1820 941 119 Me regardant à luy abandonner,

906 1912 988 122 A^uous ſouſſert * que ie fuſſe huée,

902 2008 1058 122 Monſtre au doigt, ou battue, ou tuée?

840 2099 1209 126 M’auez vous miſe en priſon treſobſcure

910 2196 1009 115 Ou bannie, ſans auoir de moy cure?

848 2285 1215 121 M'auo^us oſté voz dons & voz ioyaulx,

904 2378 1132 122 Pour me punir de més tours deſloyaux?

906 2477 963 115 Ay ie perdu mon douaire promis,

897 2565 1227 230 Pour lés pechez qu'enuers, vous i'ay commis?

666 1865 230 110 Ioël.2.
