2134 3487
9 344 983 115 Mais encores dites de ceſte amour,

11 424 1155 137 Qu'eſperons nous en auoir quelque iour?

9 528 1027 124 Eſcoutez le, voylà qu'il nous en dit.

9 614 1141 141 Oncq̃s * nul oeil d'homme mortel ne veit,

9 710 1310 128 Ny oreille ne ſceut iamais entendre, "

5 796 1301 143 Ne dens le cœur tant ſoit il bon, deſcendre, "

11 897 1321 127 Ce que Dieu a prepare, & promis "

9 974 1341 143 A la parfin à tous ſes bons amys. "

58 1080 1184 132 N'en dires vous plus oultre? Certes non:

19 1177 959 126 Ce qu'il en dit encores n'eſt ſinon

19 1265 1225 123 Pour mieulx nous faire eſtimer & aymer,

21 1365 1105 126 Ce qu'il ne poeut declairer, ne nommer:

25 1454 1209 128 Tirant noz cœurs, noſtre amour & eſpoir

23 1555 979 120 A deſirer ce qui ne ſe poeut veoir.

34 1638 1111 136 Que dy ie veoir? mais penſer, ny ſentir:

32 1737 1127 126 Qui rend content de mourir vn martyr.

79 1815 1180 143 O treſgrãd don de Foy, dont tel bien viẽt,

34 1917 1037 138 Que poſſeder fait ce que lon ne tient.

36 2016 973 128 Foy donne eſpoir par ſeure verité,

40 2111 921 126 Qui engendre parfaicte charité.

36 2200 1047 130 Et charité eſt Dieu * comme ſçauons.

36 2293 1043 118 Si en nous eſt, Dieu außi nous auons.

36 2382 1136 132 Il eſt en nous, & treſtous en luy ſommes,

48 2473 1171 136 Tous ſont en luy, & luy en tous lés hõmes.

42 2566 1082 192 Si nous l'auons par Foy, tel eſt l'auoir,

1242 606 242 116 1.Cor.2.

1267 2161 240 144 1.Iehã.4
