2134 3487
21 391 940 137 Ou ſuit ſés ſens trop beſtialement,

31 486 1159 143 Tel eſt charnel, et de Chriſt contempteur.

72 584 1186 156 Qui ſuit la chair, à Dieu ne ſçauroit plaire:

40 691 1138 147 Qui ſuit * la chair, il eſt à Dieu contraire:

38 784 1217 149 Qui ſuit * la chair il n'eſt point filz de Dieu.

44 869 1188 157 Qui ſuit l'Eſprit, par luy ne pœut deſplaire:

46 962 1177 157 Qui ſuit * l'Eſprit bõnes œuures ſçait faire

52 1053 1140 159 Qui ſuit l'Eſprit, il ſçait la Loy parfaire:

91 1160 924 139 C'eſt tel * Eſprit, ou liberté a lieu.

96 1284 1165 147 Or prions Dieu nous dõner la prudence

56 1383 1072 141 De faire tant, que l'Eſprit ait regence

58 1474 1141 141 Deſſus la chair, & la matte, & domine:

65 1559 1214 149 S'il nous vient bien, gardõs trop de licence:

69 1654 1146 147 S'il nous vient mal, prenons en patience:

69 1745 1214 147 Si chair nous poingt, demãdons continence:

69 1840 1066 151 En implorant grace & faueur diuine.

131 1952 1074 157 Et ſi faillons * par charnelle inſolence,

83 2059 1056 135 Tournons deuers l'infallible clemence,

81 2161 981 132 Dolentz d'auoir eſté deſordonnez:

83 2247 1014 141 Et retenons & Foy, & confidence,

91 2332 1159 143 Au moins vaincrons ayantz ceſte defenſe,

93 2425 1223 153 Encor' que nous ayons faict mainté offenſe,

96 2528 1134 147 Puis qu'a peché ne nous ſommes donnez,

302 2626 719 215 AINSI SOIT IL.

1056 2706 79 145 e 3

1252 664 209 87 Rom.8.

1261 761 231 93 1.Iehã.3.

1263 925 180 115 Gal.5.

1259 1090 248 144 2.Cor.3.

1300 1937 246 195 1.Iehã.2.
