2133 3487
941 364 1131 139 Ie ne faitz pas le bien, que ie veulx ſaire:

877 462 1190 130 Souuent commence, & ie ne puis parfaire:

877 548 1184 139 Mon bon vouloir n'eſt en moy le plus fort:

875 637 1103 143 Et qui pis eſt, pluſtoſt fais le contrairé:

875 736 1081 133 En hayant mal, ie me metz à meſfaire:

873 833 1058 133 Parquoy voy bien Loy eſtre ſalutaire:

871 922 1196 151 Mais vif d'Eſprit, quãt au corps me ſẽs mort:

912 1032 1011 145 Ie fais le mal, mais le mal ie ne faiz:

865 1133 1155 139 Car mon vouloir contredict à més faictz.

867 1232 1014 129 Qui faict ce donc? inhabitant peché

856 1323 1182 139 Dedens la Chair ſource de tous meſfaictz:

854 1416 1087 133 Et lequel rend hommes ſi imparfaictz,

862 1511 1164 147 Qu'Eſprit y eſt (ſoit il dés plus parfaictz)

865 1605 1116 152 Souuent * greué, & touſiours empeſché.

908 1741 1031 136 Et de ce vient, que * bataille obſtinée

840 1830 1025 134 Eſt dedens l'hõme: & ne ſera finée,

844 1925 973 132 Tant qu'il aura vie deſſus la terre:

836 2020 944 130 Si la Chair pœut, fera ſa deſtinée,

831 2113 1036 132 En enſuyuant ſa ſource & ſa lignée,

831 2206 920 130 Et par l'Eſprit ne ſera terminée.

838 2297 1192 143 Viure nous fault eſtans touſiours en guerre.

887 2421 996 140 O * Eſperit, immortelle eſtincelle,

821 2506 1002 142 Rayon luyſant de clarté ſupernelle,

825 2605 1087 190 Touſiours eſtant plaiſant, & pacifique:

598 1596 240 110 Sapien.9

590 1728 188 168 Iob.7.

554 2427 220 112 Iehã.3.
