1988 3484
747 404 1004 137 Si ſuffiſant, & tant abondan ment,

753 510 1033 119 Que iuſtice de moy ne poeut vouloir

741 605 1055 120 Riens, que de luy elle ne puiſſe auoir:

761 688 1145 139 EPle.2. Quar il a prins tous mes 'pechez ſur ſoy,

745 789 1121 122 Et m'a donné ſes biens, comme ie croy:

818 878 1125 136 Quad voz vertuz mõ Saulueut preſetez.

741 979 865 118 Certes aſſez Iuſtice contentez

745 1070 1155 126 Quand més vices el' me veult reprocher,

751 1159 1182 135 Vous luy mõſtrez, qu'en voſtre ppre chaû

749 1258 1093 131 Vous lés auez portez de bon couraige,

737 1351 881 120 Par l'union de noſtre mariage:

735 1443 981 128 Et ſur la croix par voſtre paßion

731 1540 796 118 En auez faict la ſatifaction.

729 1633 957 122 Et qui plus eſt par voſtre charité

735 1734 970 112 M’auez donné, ce qu'auez merité.

735 1821 1022 122 Parquoy voyant voſtre merite mien,

735 1913 956 110 Pfal.sa Iuſtice xplus ne me demande rien

735 2000 1183 131 4ce it IA Mais ſa ſoeur Paix (comme toute appaiſce

739 2100 1132 122 Vous regardant) eſt doulcement baiſée.

801 2194 1134 117 Du iugemẽt n'aicray, donc plus de crainte,

725 2283 1201 126 Mais pardeſi trop plus que par cõtranicte

720 2380 1099 122 L'heuré i’attens, que mon luge voiray:

723 2473 914 116 Et iugement iuſte de luy oyray.

725 2560 980 126 Si ſçay ie bien què voſtre iugement

723 2653 959 192 Eſt fiiuſie, qeil nefaiuit rellenent

485 635 264 230 2.Pier.2.

482 1872 232 270 Pſal.84
