2133 3487
834 364 1041 129 CEt de lamort par moit liberafeur,

897 462 1065 132 Duquely auons & l'eſtre, & le motif.

958 608 1113 155 Pour tous pecheurs vraev redemption,

875 699 775 147 Grace, ſalut, ſanctification,

875 802 1041 127 (Qu'auez acquis en nature mortelle)

865 889 1056 151 Sera pour ceulx, leſquelz ſans fiction,

862 989 1036 115 Auront de vous par Foy cognition:

860 1063 1125 138 Donnez là nous pour vaincre affection

870 1166 1195 133 u De Chair, qui n’a aulcunv bien dedens elle.

895 1323 1189 129 L'hõme eſt par Foy faict filzx du Createur:

855 1418 1231 129 L'hõme eſt p Foy iuſte, ſainct, y bienfaicteur:

855 1507 1233 139 L'hõme eſt par Foy remis en innocence: mio

838 1600 1248 141 L'hõme eſt par Foy roy en Chriſt regnateur,

834 1697 987 133 Par Foy auons l'Eſprit conſolateur

844 1791 909 124 Vniz au Pere, & au Mediateur:

833 1886 1125 136 Par Poy i'ay Chriſt, et tout en affluenice.

902 2010 1099 142 Car quand le Pere en ſa pitie profonde

834 2109 1054 126 Feit de ſon filzx donnation au monde,

831 2200 1001 132 Il le donna auecques tous ſes biens:

825 2293 1116 138 De tous péchez ſa iuſtice nous munde:

834 2392 1124 132 Elle eſt à moy, & en elle me fonde.5 2

833 2487 1249 135 Qui eſt de nous, qui en larnes ne fondey, ut

823 2582 1271 223 D'aioir tele dons, qu de ſoy n'auoit rienet

606 1348 241 95 Iehani.

610 1439 240 93 Galin.t.

610 1512 217 99 Rom.;.

639 470 241 107 Actes tiy

635 625 235 109 Corai.

614 1154 244 111 Rom7.

600 2156 203 186 Rond
