2236 3487
172 350 946 120 Venir * d'enfer mon ame ſecourir,

168 453 957 110 Ou contre vous elle vouloit perir?

168 544 1124 112 Sans vous aymer, las vous l'auez aymée.

166 637 944 108 O charité ardante & enflammée,

172 732 1114 110 Vous n'eſtes pas d'aymer froid ne remis,

178 827 1080 108 Qui aymez tous, * voire voz ennemis:

174 920 1093 98 Non ſeulement leur voulant pardonner

166 1009 1101 114 Leur offenſe, mais vous meſmes donner

170 1108 977 100 Pour leur ſalut, liberté, deliurance,

168 1197 1225 116 A mort, et croix, trauail, peine, et ſouffrãce.

218 1292 960 114 Quand ie penſe qui eſt l'occaſion

170 1383 1142 114 Dont vous m'aymez, riens que * dilection

168 1478 1151 114 Ie n'y puis veoir, qui vous meſmes incite

170 1571 924 108 A me donner ce que ie ne merite

228 1664 1167 118 Dõcques mõ Dieu, à ce que ie puis veoir,

174 1760 1000 111 De mon ſalut * le gré ne doy ſçauoir

178 1850 1166 112 Fors à vous ſeul, à qui i'en doy l'honneur,

180 1943 1217 112 Cõme à mon Dieu, Saulueur, & Createur.

180 2043 1215 115 Mais qu'eſt cecy? pour moy vous faites tant,

178 2134 1013 109 Et encores vous n'eſtes pas content,

178 2225 1120 117 De m'auoir faict dé més pechez pardon,

178 2313 918 116 Et de grace * le treſgratieux don.

234 2407 992 115 Bien ſuffiroit ſaillant de tel danger,

182 2506 1021 111 De me traicter ainſi qu'un eſtranger,

182 2597 1069 188 Mais mon ame traictez (ſi dire l'ouſe)

1385 356 261 124 ◊.Iehã.4.

1387 829 211 106 Rom.5.

1380 1383 234 110 Ephe.2.

1385 1784 252 143 1.Tim.1.

1393 2299 224 147 Ephe.2.
