2133 3487
678 466 227 95 Luc.i5.

689 1071 223 99 Philip.4

687 1136 250 84 2. Cor3.

689 1199 249 98 Rom. 16.

687 1359 223 128 Ephe..

922 340 1079 124 Comme mere, fille, ſœur, & eſpouſe,

1000 447 1125 114 Moy mõ Seigneur, moy, qui digne ne ſu

924 538 1174 109 Pour demander du pain, approcher l'huis

927 627 1155 111 Du treshault lieit, ou eſt voſtre demeure.

927 724 1178 110 Et qu'eſt cecy? tout ſoubdain en ceſte heure.

929 819 1136 108 Daigner tirer mon ame en telle haulteße,

933 908 1170 120 Qu'elle ſe ſent de mon corps la maiſtreße.

929 1009 1047 114 Elle paoure, ignorante, impotente

956 1096 1144 124 Se ſent en vous riche, ſage, &x puiſſante,

958 1197 1103 106 Pour luy auoirx au cœur eſcript le rolle

935 1282 1050 120 De voſtre Eſprit, & ſacrée parolle:

927 1385 1153 110 En luy donnantx Foy, pour la recepuoir,

941 1470 1102 122 Qui luy a faict voſtre filz concepuoir:

939 1569 1141 108 En le croyant homme, Dieu, Sauluateur,

938 1656 1146 125 De tousv pecheurs le vray reſtaurateur.

933 1751 1192 122 Parquoy daignez l'aſſeurer qu'elle eſt Mer

931 1844 1171 118 De voſtre filz, dont vous eſtes ſeul Pere,

993 1939 1122 126 Et qui plus eſt, mõ Dieu voicy grãd cas,

918 2032 1091 122 De bien faire vous ne vous laſſez pas

929 2123 996 122 Quand voſtre filz plein de diuinité

941 2221 1073 119 A prins le corpsy de noſtre humauité,

926 2307 1075 126 Et ſ'eſt meſlé auccques noſtre cendre!

931 2402 1180 129 Ce que ſans Foy nul ne pourroit entendre.

926 2499 1125 116 Il vous a pleu de nous tant l’approcher,

935 2588 1091 201 Quil l'eſt vmo auccques noſtre char

689 1667 226 117 Rom5.

678 2221 252 112 Philip.a.
