2133 3487
802 309 1187 138 Que vous prenez le long de la ſepmaine.

809 420 1182 118 Parquoy Enfer n'a pas eu tout le hombre

817 511 1252 126 Qu'il pretẽdoit p vous: pource que l’umbre,

807 602 802 114 Et la vertu de ceſte paßion

809 693 800 118 Eſt àl'amne telle protection,

831 788 1241 128 Qu'elle ne doibt auoir ne paour, ne doubte

647 895 1364 103 De mort, peché, ny d'Enfir vne goute.

891 976 1040 120 Yu iliens qui me puiſſe plus nuire,

817 1067 1172 126 Si Dieu me veult par Foy à liyy conduire?

811 1160 1101 122 I'entens la Foy toute tetelle qu'il fault,

839 1261 1116 113 Digne d'auoir le nom du * don d'enhault

811 1350 965 116 Foy qui vnit par charité ardante,

813 1441 1062 118 Au Createur ſa treſhumble ſeruante.

821 1538 945 114 Vnle à lu, ie ne puis auoir peur,

811 1627 1094 120 Peine, trauail, ennio, mal, ne douleiorr

817 1724 1088 120 Car auéc luy croix, mort, & paßiontitr

823 1819 874 102 Ne peut eſtre que conſolaton.

823 1906 1185 124 Trop foible ſuis en moy: en Dieu treſfartet

833 2018 1175 101 Car ie puis tout * en luy qui me conforte.

815 2094 1089 120 Son 'mnour eſt ſi ferme & perdurable,

819 2189 1048 116 Que pour nul cas elle n’eſt variable,

904 2283 915 123 Qui ſera * ce donc qui me tirera

742 2376 1015 117 De ſa grace? qui m'en ſeparera?

757 2469 1149 113 " Certes du Ciel la treſgrande haulteur,

763 2559 1152 218 Ny de l'Enfer latſe e proforiour,

575 1255 227 118 Ephesa.

585 1999 241 110 philip.4.

575 2289 275 117 Rom.8.
