2141 3482
927 315 1043 131 Et bien ſouuent en faiſois mocquerie.

929 415 948 122 Si lon diſoit en oyant vn ſermon,

929 506 1053 126 Il a bien dict: ie reſpõdois, Ce a mon.

925 605 1097 120 La parolle ſ'en vouloit comme plume.

925 696 1022 122 A l'egliſe n'allois que par couſtume.

929 785 1205 131 Toꝰ més beaux faictz n'eſtoiẽt qu'hypocrisie

931 887 1126 120 Quar i'auois bien ailleurs ma phantaſie.

925 976 1078 122 Il m'ennuyoit d’ouir de vous parler:

925 1071 1121 120 I'aymois bien mieulx à mon plaiſir allér.

989 1162 1090 128 Pour faire court, tout ce que defendez,

919 1255 1043 124 Ie le faiſoye: & ce que commandez,

917 1352 956 120 Ie le fuioye, & le trouuoye amer:

921 1445 1163 118 Tout par faulte mon Dieu de vous aymer.

979 1537 1162 132 Mais mon Seigneur pour vous auoir hay,

907 1622 873 128 Abandonné, laiſſe, fuy, trahy,

905 1719 1042 128 Pour voſtre lieu à vn aultre donner,

915 1816 941 120 Me regardant à luy abandonner,

900 1903 995 128 A^uous ſouſſert * que ie fuſſe huée,

904 2006 1056 118 Monſtre au doigt, ou battue, ou tuée?

840 2095 1211 125 M'auez vous miſe en priſon treſobſcure

911 2191 1011 110 Ou bannie, ſans auoir de moy cure?

851 2280 1212 114 M'auo^us oſté voz dons & voz ioyaulx,

905 2377 1129 118 Pour me punir de més tours deſloyaux?

905 2470 963 116 Ay ie perdu mon douaire promis,

818 2565 1266 218 Pour lés pechez qu'enuers, vous i'ay commis?

663 1859 233 116 Ioël.2.
