2236 3487
191 379 971 134 Car plus dur eſt que la damnation,

193 484 841 118 Sentir de vous la ſeparation.

187 563 1103 136 Dix mille enfers n'eſtime tant de peine,

191 658 1227 140 Que de vous perdre vn ſeul iour la ſemaine.

209 759 1133 120 * Helas mõ Dieu, mon Pere & Createur,

195 850 988 130 Ne ſouffrez par l'ennemy inuenteur

191 949 1012 126 De tout peché, auoir ceſte puiſſance,

193 1032 1148 143 Qu'il * me face perdre voſtre preſence,

195 1131 986 130 Car qui a faict de la ſubſtraction

197 1224 1045 126 De voſtre amour vraye approbation

197 1317 1128 124 Il dira bien qu'il vouldroit mieulx en fer

201 1412 808 126 Eſtre lié à iamais en Enfer,

203 1499 1091 134 Que retomber encor' vn ſeul moment

201 1600 1122 124 Au mal qui fait de vous l'eſloingnement.

205 1697 1089 106 O mon Saulueur, plus ne le permettez:

205 1776 1234 143 Mais en tel lieu, s'il vous plaiſt me mettez,

209 1877 974 128 Que mon ame par peché ou follie

203 1975 1060 115 De voſtre amour iamais ne ſe deſlie.

207 2068 1046 119 En ce monde ne puis parfaictement

207 2152 1104 126 Auoir ce bien, qui me fait ardam^ment

209 2249 1042 124 De tout mon coeur en deſirer l'iſſue,

211 2340 1149 128 Sans craindre mort, pic, palle, ny maſſue.

211 2437 1195 118 Car quelle paour de mõ Dieu puis ie auoir,

213 2528 1027 133 Qui par amour a paſſe ſon debuoir?

211 2619 1178 199 Et a prins mort, dont il n'auoit que faire,

1383 743 271 86 ORAI¬

1416 804 258 88 SON A

1408 871 262 97 DIEV.

1431 1043 223 109 Pſal.37.
