2236 3487
139 410 1155 122 Ou eſt amour vraye &r viue ſans feincte,

137 507 1205 122 Il ne ſouuient de paour, douleur, ne crainte.

186 602 1147 126 Si noſtre orgueil pour honneur acquerir,

141 695 1040 116 Fait de la mort tant de moyens querir:

139 788 1101 120 Si pour auoir vn plaiſir, qui tant couſte,

137 881 1126 114 Lon oublie de la mort crainte & doubte:

139 970 849 122 Si pour auoir richeſſes à foiſon

139 1067 1042 124 En gros danger lon ſort de ſa maiſon,

137 1164 804 114 Si l'enuie de robber, ou tuer,

137 1255 1006 120 Battre, tromper, faict l'eſperit muer

147 1348 1071 116 Tant qu’il ne voit de la mort le danger,

137 1443 1081 116 Pour faire mal, ou d’aultruy ſe venger:

137 1532 887 116 Si la force d'une grand' maladie,

137 1625 903 122 Qu la douleur d’une melancholie,

141 1720 1145 120 Deſirer faict la mort, & ſouuent prendre

133 1811 1110 116 Par ſe noyer ſoubdain, tuer, ou pendre:

139 1906 967 116 (Car ſi grand eſt le mal, ou le deſir,

137 2003 1074 116 Qu'il faict la mort pour liberté choiſir)

135 2096 951 114 Si ainſi eſt que ces grandz paßions

131 2185 936 116 Pleines de mal & d’imperfections,

131 2278 1068 116 De la mort font peu craindre le haſard,

131 2371 1087 116 Mais mainteſfois leur ſemble venir taurd:

129 2462 1161 120 Ias que doibt faire amou iuſte & louable,

129 2557 1014 116 Bien obligée, & pluſque raiſonnable?

133 2653 1043 173 Que doibt faire l'amoir du Createir?
