<?xml version="1.0" encoding="UTF-8"?>
<alto xmlns:xsi="http://www.w3.org/2001/XMLSchema-instance"
      xmlns="http://www.loc.gov/standards/alto/ns-v4#"
      xsi:schemaLocation="http://www.loc.gov/standards/alto/ns-v4# http://www.loc.gov/standards/alto/v4/alto-4-2.xsd">
  <Description>
    <MeasurementUnit>pixel</MeasurementUnit>
    <sourceImageInformation>
      <fileName>PSALMES____de_Dauid____[...]_btv1b10091180g_page-0094_2.jpg</fileName>
    </sourceImageInformation>
  </Description>
  <Tags>
    <OtherTag ID="BT7" LABEL="CustomZone" DESCRIPTION="block type CustomZone"/><OtherTag ID="BT8" LABEL="DamageZone" DESCRIPTION="block type DamageZone"/><OtherTag ID="BT9" LABEL="DigitizationArtefactZone" DESCRIPTION="block type DigitizationArtefactZone"/><OtherTag ID="BT10" LABEL="DropCapitalZone" DESCRIPTION="block type DropCapitalZone"/><OtherTag ID="BT11" LABEL="GraphicZone" DESCRIPTION="block type GraphicZone"/><OtherTag ID="BT12" LABEL="MainZone" DESCRIPTION="block type MainZone"/><OtherTag ID="BT13" LABEL="MarginTextZone" DESCRIPTION="block type MarginTextZone"/><OtherTag ID="BT14" LABEL="MusicZone" DESCRIPTION="block type MusicZone"/><OtherTag ID="BT15" LABEL="NumberingZone" DESCRIPTION="block type NumberingZone"/><OtherTag ID="BT17" LABEL="QuireMarksZone" DESCRIPTION="block type QuireMarksZone"/><OtherTag ID="BT18" LABEL="RunningTitleZone" DESCRIPTION="block type RunningTitleZone"/><OtherTag ID="BT19" LABEL="SealZone" DESCRIPTION="block type SealZone"/><OtherTag ID="BT20" LABEL="StampZone" DESCRIPTION="block type StampZone"/><OtherTag ID="BT21" LABEL="TableZone" DESCRIPTION="block type TableZone"/><OtherTag ID="BT22" LABEL="TitlePageZone" DESCRIPTION="block type TitlePageZone"/>
    <OtherTag ID="LT7" LABEL="CustomLine" DESCRIPTION="line type CustomLine"/><OtherTag ID="LT8" LABEL="DefaultLine" DESCRIPTION="line type DefaultLine"/><OtherTag ID="LT9" LABEL="DropCapitalLine" DESCRIPTION="line type DropCapitalLine"/><OtherTag ID="LT10" LABEL="HeadingLine" DESCRIPTION="line type HeadingLine"/><OtherTag ID="LT11" LABEL="InterlinearLine" DESCRIPTION="line type InterlinearLine"/><OtherTag ID="LT12" LABEL="MusicLine" DESCRIPTION="line type MusicLine"/><OtherTag ID="LT1063" LABEL="default" DESCRIPTION="line type default"/>
  </Tags>
  <Layout>
    <Page WIDTH="2236"
          HEIGHT="3487"
          PHYSICAL_IMG_NR="48"
          ID="eSc_dummypage_">
      <PrintSpace HPOS="0"
                  VPOS="0"
                  WIDTH="2236"
                  HEIGHT="3487">
        <TextBlock HPOS="80"
                   VPOS="385"
                   WIDTH="1286"
                   HEIGHT="2398"
                   ID="eSc_textblock_cded3285"
                   TAGREFS="BT12">
          <Shape><Polygon POINTS="80 428 98 2783 1366 2758 1333 385"/></Shape>
          <TextLine ID="eSc_line_557887ed"
                    TAGREFS="LT8"
                    BASELINE="118 495 1286 490" 
                    HPOS="116"
                    VPOS="395"
                    WIDTH="1170"
                    HEIGHT="131">
            <Shape><Polygon POINTS="1278 401 1259 401 1240 401 1220 401 1201 401 1181 401 1162 401 1143 401 1123 401 1104 399 1085 410 1071 399 1065 399 1046 399 1026 399 1017 399 982 408 951 399 949 399 930 399 910 397 891 397 871 397 866 397 827 402 819 397 813 397 794 397 775 397 755 397 736 397 716 395 697 395 678 395 658 395 639 395 621 395 602 410 583 395 581 395 561 395 542 395 523 395 503 395 480 414 325 404 323 404 116 416 118 495 118 513 170 524 172 526 249 526 249 524 251 524 253 524 253 523 265 513 459 524 461 524 463 524 507 511 600 511 614 523 616 523 618 523 620 523 674 511 693 523 695 523 697 523 699 524 771 524 771 523 773 523 807 511 821 523 823 523 825 523 827 523 829 523 862 513 871 521 871 523 873 523 875 523 877 523 1007 509 1247 521 1249 521 1251 521 1286 507 1286 490 1282 401 1278 401"/></Shape>
            <String CONTENT="Lip annonçait à cheſque heure du iour,"
                    HPOS="116"
                    VPOS="395"
                    WIDTH="1170"
                    HEIGHT="131"
                    WC="0.9784362971782684"></String>
          </TextLine>
          <TextLine ID="eSc_line_5e4513d3"
                    TAGREFS="LT8"
                    BASELINE="120 588 1288 581" 
                    HPOS="118"
                    VPOS="499"
                    WIDTH="1170"
                    HEIGHT="120">
            <Shape><Polygon POINTS="120 588 120 606 174 619 176 619 267 606 466 617 468 617 470 617 501 604 592 617 594 617 596 617 598 617 598 616 610 604 722 602 757 612 759 612 761 612 838 604 856 616 858 616 860 616 862 616 1125 602 1212 614 1214 614 1288 596 1288 581 1282 507 1203 517 1185 505 1183 505 1181 505 1180 505 1178 505 1145 513 1065 499 1063 499 1061 499 1059 499 1036 519 964 519 862 501 860 501 858 501 798 519 724 505 722 505 720 505 718 505 693 523 616 523 585 503 583 503 581 503 468 503 466 503 465 503 434 521 414 503 412 503 410 503 408 503 406 503 381 515 344 505 342 505 341 505 339 505 306 519 267 507 265 507 263 507 118 524 120 588"/></Shape>
            <String CONTENT="Que ie languis pour luy de ſon amour. "
                    HPOS="118"
                    VPOS="499"
                    WIDTH="1170"
                    HEIGHT="120"
                    WC="0.9729105987046894"></String>
          </TextLine>
          <TextLine ID="eSc_line_d3a90c9c"
                    TAGREFS="LT8"
                    BASELINE="125 676 1273 683" 
                    HPOS="124"
                    VPOS="594"
                    WIDTH="1149"
                    HEIGHT="116">
            <Shape><Polygon POINTS="125 676 124 689 156 705 158 705 160 705 162 705 201 695 372 705 373 705 375 705 377 705 389 695 441 707 443 709 517 709 517 707 519 707 521 707 521 705 532 695 616 707 618 707 689 693 738 709 740 709 742 709 943 695 993 705 995 705 1052 697 1061 705 1061 707 1063 707 1065 707 1067 707 1069 707 1071 707 1083 697 1123 707 1125 707 1127 707 1178 697 1234 710 1236 710 1238 710 1240 710 1271 695 1273 683 1269 600 1168 604 1166 604 1164 604 1150 616 1081 600 1079 600 966 614 928 598 926 598 924 598 922 598 887 614 732 598 730 598 728 598 726 598 701 614 662 596 660 596 602 596 600 596 598 596 565 612 364 612 348 596 348 594 346 594 344 594 342 594 273 610 164 600 162 600 125 608 125 676"/></Shape>
            <String CONTENT="O doülce mort, par ceſte amour venez,"
                    HPOS="124"
                    VPOS="594"
                    WIDTH="1149"
                    HEIGHT="116"
                    WC="0.9799329952189797"></String>
          </TextLine>
          <TextLine ID="eSc_line_9918d9ba"
                    TAGREFS="LT8"
                    BASELINE="118 774 1149 774 1193 772" 
                    HPOS="116"
                    VPOS="687"
                    WIDTH="1078"
                    HEIGHT="116">
            <Shape><Polygon POINTS="1190 693 1174 687 1172 687 1170 687 1168 687 1123 703 997 703 970 687 968 687 920 687 918 687 916 687 914 687 914 689 899 703 740 703 722 691 720 691 718 691 716 691 656 703 629 691 627 691 625 691 623 691 621 691 606 705 561 705 548 691 548 689 546 689 544 689 482 689 480 689 478 689 437 703 424 691 424 689 422 689 420 689 335 689 333 689 193 703 139 689 137 689 135 689 133 689 131 689 116 699 118 774 118 792 129 802 131 802 133 802 135 803 286 803 286 802 288 802 290 802 310 790 364 802 366 802 368 802 406 790 476 800 478 800 639 790 668 802 670 802 672 802 784 792 813 802 815 802 817 802 924 790 1001 798 1003 798 1005 798 1007 798 1023 788 1040 800 1042 800 1044 800 1046 802 1181 802 1181 800 1183 800 1185 800 1194 792"/></Shape>
            <String CONTENT="Et par amour à mon Dieu me menez."
                    HPOS="116"
                    VPOS="687"
                    WIDTH="1078"
                    HEIGHT="116"
                    WC="0.9613173183272866"></String>
          </TextLine>
          <TextLine ID="eSc_line_14200808"
                    TAGREFS="LT8"
                    BASELINE="122 867 1170 865 1197 863" 
                    HPOS="120"
                    VPOS="782"
                    WIDTH="1078"
                    HEIGHT="114">
            <Shape><Polygon POINTS="1190 788 1079 798 1055 782 1054 782 1052 782 1050 782 1048 782 1009 798 992 784 990 784 988 784 858 782 856 782 854 782 852 782 829 798 798 784 796 784 794 784 792 784 740 800 668 788 666 788 664 788 633 800 606 786 604 786 602 786 600 786 598 786 585 796 540 784 538 784 536 784 534 784 503 800 286 792 284 792 120 802 122 867 122 889 230 883 257 894 259 894 261 894 263 894 302 881 346 894 348 894 350 894 408 881 447 893 449 893 451 893 453 893 499 881 546 894 548 894 550 894 552 894 581 881 656 894 658 894 660 894 705 881 724 894 726 894 728 894 730 896 804 896 804 894 806 894 807 894 831 879 869 893 871 893 873 893 961 881 1180 893 1181 893 1183 893 1198 886"/></Shape>
            <String CONTENT="O mort, y ou eſt icy voſtre poincture,"
                    HPOS="120"
                    VPOS="782"
                    WIDTH="1078"
                    HEIGHT="114"
                    WC="0.9920852905825565"></String>
          </TextLine>
          <TextLine ID="eSc_line_effd8834"
                    TAGREFS="LT8"
                    BASELINE="137 960 1181 956" 
                    HPOS="135"
                    VPOS="873"
                    WIDTH="1046"
                    HEIGHT="118">
            <Shape><Polygon POINTS="137 960 137 980 193 991 195 991 300 978 352 991 354 991 356 991 443 978 538 991 540 991 542 991 544 991 567 978 625 978 641 989 641 991 643 991 645 991 647 991 649 991 687 976 724 976 738 987 738 989 740 989 742 989 744 989 745 989 788 976 823 987 825 987 827 987 829 987 868 976 883 989 885 989 887 989 889 989 951 980 1001 989 1003 989 1005 989 1007 989 1007 987 1021 976 1044 989 1046 989 1048 989 1180 980 1181 956 1178 891 1081 877 1079 877 1077 877 1044 889 1001 873 999 873 930 873 928 873 926 873 924 873 904 891 866 873 864 873 862 873 860 873 802 891 711 889 691 873 689 873 687 873 685 873 683 873 635 893 618 877 618 875 616 875 614 875 573 875 571 875 569 875 567 875 546 893 513 875 511 875 509 875 383 894 269 894 251 877 251 875 249 875 248 875 246 875 244 875 205 891 135 889 137 960"/></Shape>
            <String CONTENT="Voſtre aguillon voſtre rudeſſe dure?"
                    HPOS="135"
                    VPOS="873"
                    WIDTH="1046"
                    HEIGHT="118"
                    WC="0.987240387333764"></String>
          </TextLine>
          <TextLine ID="eSc_line_5e4d54d5"
                    TAGREFS="LT8"
                    BASELINE="125 1055 1118 1049" 
                    HPOS="124"
                    VPOS="964"
                    WIDTH="994"
                    HEIGHT="115">
            <Shape><Polygon POINTS="125 1055 125 1079 1116 1067 1118 1049 1114 986 1055 974 1054 974 1052 974 1050 974 1038 986 902 986 869 964 868 964 866 964 864 964 862 964 860 964 838 984 786 968 784 968 782 968 780 968 722 987 658 987 639 968 639 966 637 966 635 966 590 966 589 966 587 966 585 966 561 984 515 966 513 966 455 966 453 966 451 966 389 987 344 968 342 968 341 968 124 986 125 1055"/></Shape>
            <String CONTENT="Helas elle eſt de més yeulx diuertie:"
                    HPOS="124"
                    VPOS="964"
                    WIDTH="994"
                    HEIGHT="115"
                    WC="0.9688636660575867"></String>
          </TextLine>
          <TextLine ID="eSc_line_6e9c7115"
                    TAGREFS="LT8"
                    BASELINE="122 1148 1263 1144" 
                    HPOS="120"
                    VPOS="1059"
                    WIDTH="1143"
                    HEIGHT="118">
            <Shape><Polygon POINTS="122 1148 122 1164 176 1175 178 1175 180 1175 215 1162 389 1162 404 1173 404 1175 406 1175 408 1175 410 1175 470 1162 561 1162 575 1173 575 1175 577 1175 579 1175 581 1175 583 1175 585 1175 594 1168 604 1175 606 1175 608 1175 610 1177 689 1177 689 1175 691 1175 751 1160 827 1170 829 1170 831 1170 858 1160 883 1173 885 1173 887 1173 962 1160 1055 1173 1057 1173 1261 1164 1263 1144 1259 1063 1141 1059 1139 1059 1137 1059 1104 1075 1073 1065 1071 1065 1069 1065 1067 1065 1065 1065 1048 1080 1003 1080 937 1059 935 1059 933 1059 931 1059 887 1077 869 1065 868 1065 866 1065 864 1065 862 1065 860 1065 844 1075 747 1059 745 1059 744 1059 742 1059 709 1080 670 1080 598 1061 596 1061 594 1061 592 1061 590 1061 571 1079 517 1080 457 1061 455 1061 453 1061 451 1061 391 1080 344 1061 342 1061 341 1061 339 1061 337 1061 310 1080 149 1071 147 1071 145 1071 120 1080 122 1148"/></Shape>
            <String CONTENT="Car en doulceur rigueur m&#x27;eſt conuertie,"
                    HPOS="120"
                    VPOS="1059"
                    WIDTH="1143"
                    HEIGHT="118"
                    WC="0.9735071420669555"></String>
          </TextLine>
          <TextLine ID="eSc_line_117b7b9f"
                    TAGREFS="LT8"
                    BASELINE="122 1241 1203 1234" 
                    HPOS="120"
                    VPOS="1152"
                    WIDTH="1083"
                    HEIGHT="124">
            <Shape><Polygon POINTS="122 1241 122 1266 246 1257 263 1272 263 1274 265 1274 267 1274 269 1276 310 1276 310 1274 311 1274 360 1259 383 1274 385 1274 387 1274 389 1274 391 1274 451 1255 652 1255 703 1270 705 1270 707 1270 709 1270 734 1259 759 1268 761 1268 763 1268 765 1268 767 1268 786 1253 817 1268 819 1268 821 1268 823 1268 862 1257 891 1270 893 1270 895 1270 897 1270 899 1270 916 1255 939 1268 941 1268 943 1270 1110 1270 1110 1268 1201 1253 1203 1234 1201 1173 1160 1154 1158 1154 1100 1154 1098 1154 1096 1154 1065 1172 1044 1152 1042 1152 1040 1152 1001 1152 999 1152 997 1152 910 1175 846 1175 819 1160 817 1160 815 1160 813 1160 780 1173 751 1154 749 1154 747 1154 714 1154 713 1154 711 1154 647 1175 389 1156 387 1156 333 1158 331 1158 329 1158 298 1177 218 1168 217 1168 120 1177 122 1241"/></Shape>
            <String CONTENT="Puis que par vous mon aiy eſt paßé"
                    HPOS="120"
                    VPOS="1152"
                    WIDTH="1083"
                    HEIGHT="124"
                    WC="0.9821365339415414"></String>
          </TextLine>
          <TextLine ID="eSc_line_06589144"
                    TAGREFS="LT8"
                    BASELINE="118 1332 1234 1328" 
                    HPOS="116"
                    VPOS="1245"
                    WIDTH="1118"
                    HEIGHT="120">
            <Shape><Polygon POINTS="118 1332 118 1348 168 1365 170 1365 172 1365 249 1356 273 1365 275 1365 277 1365 279 1365 280 1365 280 1363 298 1350 333 1357 335 1357 337 1357 339 1357 354 1348 476 1348 527 1365 528 1365 530 1365 532 1365 590 1348 662 1348 685 1363 687 1363 689 1363 691 1363 693 1363 726 1348 775 1361 776 1361 778 1361 780 1361 782 1361 782 1359 798 1346 933 1346 951 1361 951 1363 953 1363 955 1363 957 1363 959 1363 1017 1348 1032 1361 1032 1363 1034 1363 1036 1363 1038 1365 1178 1365 1178 1363 1180 1363 1181 1363 1181 1361 1195 1350 1228 1359 1234 1328 1230 1247 1166 1245 1164 1245 1162 1245 1118 1261 891 1261 875 1247 875 1245 873 1245 871 1245 869 1245 868 1245 813 1261 773 1249 771 1249 769 1249 767 1249 747 1259 695 1251 693 1251 691 1251 666 1263 627 1253 625 1253 623 1253 550 1263 534 1249 534 1247 532 1247 530 1247 482 1247 480 1247 478 1247 476 1247 451 1265 379 1265 362 1249 362 1247 360 1247 358 1247 356 1247 317 1249 315 1249 313 1249 313 1251 300 1265 277 1265 261 1249 261 1247 259 1247 257 1247 135 1247 133 1247 131 1247 116 1253 118 1332"/></Shape>
            <String CONTENT="Et ſur la croix pour moy mort treſpaßé"
                    HPOS="116"
                    VPOS="1245"
                    WIDTH="1118"
                    HEIGHT="120"
                    WC="0.9932305033390338"></String>
          </TextLine>
          <TextLine ID="eSc_line_ab7a0a44"
                    TAGREFS="LT8"
                    BASELINE="125 1429 468 1421 1329 1423" 
                    HPOS="124"
                    VPOS="1336"
                    WIDTH="1205"
                    HEIGHT="122">
            <Shape><Polygon POINTS="125 1429 125 1445 437 1456 439 1456 441 1456 443 1456 455 1445 494 1456 496 1456 497 1456 499 1456 501 1456 525 1443 590 1443 600 1450 600 1452 602 1452 604 1452 606 1452 680 1443 705 1456 707 1456 709 1456 711 1456 745 1443 771 1456 773 1456 775 1456 776 1456 804 1443 837 1454 838 1454 840 1454 842 1454 875 1443 1042 1443 1059 1452 1061 1452 1063 1452 1065 1452 1067 1452 1069 1452 1079 1445 1090 1454 1090 1456 1092 1456 1094 1456 1096 1458 1185 1458 1185 1456 1187 1456 1189 1456 1203 1445 1261 1456 1263 1456 1265 1456 1267 1456 1286 1445 1304 1456 1305 1456 1307 1456 1309 1456 1311 1456 1313 1456 1329 1443 1329 1423 1327 1352 1302 1336 1300 1336 1298 1336 1211 1336 1209 1336 1207 1336 1205 1336 1174 1357 1121 1346 1119 1346 1046 1357 997 1340 995 1340 993 1340 992 1340 990 1340 970 1354 904 1336 902 1336 900 1336 899 1336 854 1357 765 1344 763 1344 761 1344 730 1357 672 1336 670 1336 567 1336 565 1336 563 1336 561 1336 538 1354 505 1336 503 1336 348 1336 346 1336 344 1336 292 1359 124 1359 125 1429"/></Shape>
            <String CONTENT="Sa mort ſi fort à mourir mon cœur poüiſe,"
                    HPOS="124"
                    VPOS="1336"
                    WIDTH="1205"
                    HEIGHT="122"
                    WC="0.9908949912980546"></String>
          </TextLine>
          <TextLine ID="eSc_line_c69cdce5"
                    TAGREFS="LT8"
                    BASELINE="127 1526 395 1518 1341 1518" 
                    HPOS="122"
                    VPOS="1426"
                    WIDTH="1218"
                    HEIGHT="125">
            <Shape><Polygon POINTS="125 1525 125 1542 1334 1551 1340 1516 1331 1429 1299 1441 1285 1426 1282 1426 1279 1426 1276 1426 1273 1426 1270 1426 1241 1447 1215 1432 1212 1432 1209 1432 1107 1447 1049 1426 1046 1426 1043 1426 962 1444 924 1426 921 1426 918 1426 840 1441 817 1426 814 1426 811 1426 526 1426 523 1426 520 1426 462 1450 122 1450 125 1525"/></Shape>
            <String CONTENT="Que vous m&#x27;eſtes, pour le ſuiuir bie doulce."
                    HPOS="122"
                    VPOS="1426"
                    WIDTH="1218"
                    HEIGHT="125"
                    WC="0.9722515019503507"></String>
          </TextLine>
          <TextLine ID="eSc_line_a2d1cd78"
                    TAGREFS="LT8"
                    BASELINE="127 1615 1240 1605" 
                    HPOS="125"
                    VPOS="1530"
                    WIDTH="1115"
                    HEIGHT="116">
            <Shape><Polygon POINTS="1239 1535 1189 1540 1168 1530 1166 1530 1164 1530 1032 1540 1021 1532 1019 1532 1017 1532 1015 1532 1013 1532 1011 1532 993 1545 930 1536 928 1536 868 1545 829 1532 827 1532 825 1532 761 1545 561 1540 559 1540 558 1540 519 1551 418 1543 416 1543 358 1553 317 1538 315 1538 313 1538 311 1538 310 1538 284 1553 166 1543 164 1543 162 1543 125 1555 127 1615 127 1631 174 1646 176 1646 178 1646 372 1642 373 1642 375 1642 375 1640 387 1631 461 1631 472 1640 474 1640 476 1640 478 1640 532 1631 558 1644 559 1644 561 1644 563 1644 594 1631 645 1638 647 1638 649 1638 682 1629 722 1642 724 1642 726 1644 811 1644 811 1642 813 1642 815 1642 829 1633 838 1640 840 1640 842 1640 844 1642 999 1642 999 1640 1001 1640 1026 1629 1201 1638 1203 1638 1205 1638 1232 1623 1240 1623"/></Shape>
            <String CONTENT="O mort ô mort, venez quoy que lon die"
                    HPOS="125"
                    VPOS="1530"
                    WIDTH="1115"
                    HEIGHT="116"
                    WC="0.9827279981813932"></String>
          </TextLine>
          <TextLine ID="eSc_line_c4ca959f"
                    TAGREFS="LT8"
                    BASELINE="127 1710 1145 1702" 
                    HPOS="125"
                    VPOS="1629"
                    WIDTH="1020"
                    HEIGHT="104">
            <Shape><Polygon POINTS="127 1710 127 1733 1145 1729 1145 1702 1139 1629 786 1640 744 1629 742 1629 740 1629 738 1629 713 1642 620 1642 403 1642 381 1631 379 1631 377 1631 315 1633 313 1633 311 1633 311 1635 300 1644 215 1633 213 1633 211 1633 209 1633 209 1635 197 1644 145 1635 143 1635 141 1635 139 1635 125 1642 127 1710"/></Shape>
            <String CONTENT="Enſemble mettre auec l&#x27;amy l&#x27;aiye."
                    HPOS="125"
                    VPOS="1629"
                    WIDTH="1020"
                    HEIGHT="104"
                    WC="0.9512052132802851"></String>
          </TextLine>
          <TextLine ID="eSc_line_63d43387"
                    TAGREFS="LT8"
                    BASELINE="186 1803 1304 1793" 
                    HPOS="184"
                    VPOS="1716"
                    WIDTH="1120"
                    HEIGHT="120">
            <Shape><Polygon POINTS="186 1803 186 1822 294 1820 375 1836 377 1836 379 1836 416 1820 474 1830 476 1830 554 1819 575 1832 577 1832 579 1832 581 1832 583 1832 585 1832 585 1830 598 1817 670 1817 693 1830 695 1830 697 1830 699 1830 701 1830 703 1830 718 1820 763 1832 765 1832 767 1832 769 1832 829 1817 900 1830 902 1832 1009 1832 1009 1830 1011 1830 1013 1830 1024 1820 1127 1828 1129 1828 1193 1817 1249 1828 1251 1828 1253 1828 1255 1828 1255 1826 1273 1813 1302 1813 1304 1793 1298 1716 1158 1726 1098 1716 1096 1716 1094 1716 1059 1728 908 1718 906 1718 846 1729 682 1720 680 1720 623 1731 457 1722 455 1722 453 1722 404 1733 339 1724 337 1724 335 1724 333 1724 333 1726 323 1733 251 1726 249 1726 184 1735 186 1803"/></Shape>
            <String CONTENT="Puis que la mort m&#x27;eſt vie ſi plaiſante"
                    HPOS="184"
                    VPOS="1716"
                    WIDTH="1120"
                    HEIGHT="120"
                    WC="0.9697766762513381"></String>
          </TextLine>
          <TextLine ID="eSc_line_5fb36ed6"
                    TAGREFS="LT8"
                    BASELINE="127 1894 1319 1886" 
                    HPOS="127"
                    VPOS="1809"
                    WIDTH="1192"
                    HEIGHT="122">
            <Shape><Polygon POINTS="127 1913 178 1917 189 1929 189 1931 191 1931 193 1931 195 1931 259 1921 298 1931 300 1931 302 1931 304 1931 306 1931 306 1929 319 1915 358 1915 602 1929 604 1929 606 1929 608 1929 608 1927 625 1913 705 1929 707 1929 709 1929 776 1912 935 1912 962 1927 964 1927 966 1927 968 1927 970 1927 972 1927 990 1913 1009 1927 1011 1927 1013 1927 1015 1927 1131 1925 1133 1925 1135 1925 1135 1923 1152 1910 1224 1919 1226 1919 1319 1906 1319 1886 1315 1822 1211 1809 1209 1809 1098 1820 1021 1809 1019 1809 1017 1809 1015 1809 993 1822 966 1811 964 1811 962 1811 961 1811 935 1822 860 1813 858 1813 856 1813 837 1822 813 1811 811 1811 809 1811 716 1824 693 1813 691 1813 689 1813 387 1828 162 1828 127 1817 127 1894 127 1913"/></Shape>
            <String CONTENT="Que plus me plaiſt qu&#x27;elle ne m&#x27;eſpouente:"
                    HPOS="127"
                    VPOS="1809"
                    WIDTH="1192"
                    HEIGHT="122"
                    WC="0.9652623505819411"></String>
          </TextLine>
          <TextLine ID="eSc_line_4042c428"
                    TAGREFS="LT8"
                    BASELINE="120 1985 1092 1978" 
                    HPOS="118"
                    VPOS="1904"
                    WIDTH="974"
                    HEIGHT="118">
            <Shape><Polygon POINTS="1092 1917 1028 1917 935 1904 933 1904 931 1904 895 1917 846 1904 844 1904 751 1904 749 1904 747 1904 745 1904 728 1919 652 1919 620 1906 618 1906 616 1906 614 1906 612 1906 596 1919 530 1919 408 1906 406 1906 404 1906 373 1921 319 1908 317 1908 315 1908 313 1908 311 1908 294 1921 261 1908 259 1908 257 1908 255 1908 220 1921 118 1913 120 1985 120 2006 187 2020 189 2022 412 2022 412 2020 414 2020 449 2010 472 2018 474 2018 476 2018 478 2018 480 2018 499 2005 614 2018 616 2018 618 2018 620 2018 620 2016 629 2008 902 2016 904 2016 906 2016 908 2016 908 2014 920 2005 962 2016 964 2016 966 2016 1050 2014 1052 2014 1081 2001 1092 2001"/></Shape>
            <String CONTENT="raindre ne doy ſinon le iugement"
                    HPOS="118"
                    VPOS="1904"
                    WIDTH="974"
                    HEIGHT="118"
                    WC="0.978657428175211"></String>
          </TextLine>
          <TextLine ID="eSc_line_d3616061"
                    TAGREFS="LT8"
                    BASELINE="135 2082 1344 2070" 
                    HPOS="130"
                    VPOS="1987"
                    WIDTH="1213"
                    HEIGHT="119">
            <Shape><Polygon POINTS="133 2080 133 2106 1340 2103 1343 2068 1334 1987 130 2007 133 2080"/></Shape>
            <String CONTENT="(Qui viẽt aprés de Dieü, qui point ne mẽt."
                    HPOS="130"
                    VPOS="1987"
                    WIDTH="1213"
                    HEIGHT="119"
                    WC="0.9640605397846388"></String>
          </TextLine>
          <TextLine ID="eSc_line_70a26a37"
                    TAGREFS="LT8"
                    BASELINE="135 2173 1203 2163" 
                    HPOS="133"
                    VPOS="2088"
                    WIDTH="1070"
                    HEIGHT="118">
            <Shape><Polygon POINTS="135 2173 135 2192 224 2192 259 2206 261 2206 263 2206 265 2206 267 2206 286 2192 337 2202 339 2202 341 2202 379 2190 439 2204 441 2204 443 2204 445 2204 466 2190 534 2198 536 2198 538 2198 579 2189 606 2202 608 2202 610 2204 775 2204 775 2202 776 2202 831 2187 844 2198 844 2200 846 2200 848 2200 850 2202 895 2202 895 2200 897 2200 933 2189 970 2198 972 2198 974 2198 976 2198 978 2198 978 2196 992 2185 1083 2196 1085 2196 1201 2183 1203 2163 1199 2098 1026 2088 1024 2088 1023 2088 1021 2088 1021 2090 1009 2101 943 2101 773 2090 771 2090 769 2090 718 2103 621 2092 620 2092 558 2105 528 2094 527 2094 525 2094 523 2094 474 2105 410 2094 368 2094 366 2094 364 2094 362 2094 341 2107 133 2105 135 2173"/></Shape>
            <String CONTENT="Tous més pechez par ſa iuſte balance"
                    HPOS="133"
                    VPOS="2088"
                    WIDTH="1070"
                    HEIGHT="118"
                    WC="0.9753899654826602"></String>
          </TextLine>
          <TextLine ID="eSc_line_d77e2984"
                    TAGREFS="LT8"
                    BASELINE="129 2268 1218 2252" 
                    HPOS="127"
                    VPOS="2175"
                    WIDTH="1091"
                    HEIGHT="126">
            <Shape><Polygon POINTS="1217 2175 1147 2179 1145 2179 1143 2179 1143 2181 1131 2190 1028 2175 1026 2175 1024 2175 1023 2175 997 2194 974 2185 972 2185 970 2185 895 2196 792 2187 790 2187 736 2198 674 2185 672 2185 670 2185 606 2200 511 2183 509 2183 381 2204 292 2189 290 2189 288 2189 286 2189 267 2206 197 2206 156 2189 155 2189 153 2189 127 2190 129 2268 129 2285 230 2287 249 2301 251 2301 253 2301 255 2301 257 2301 296 2283 352 2299 354 2299 356 2299 358 2299 391 2285 410 2297 412 2297 414 2297 416 2297 418 2297 463 2285 583 2295 585 2295 587 2295 589 2295 589 2293 606 2278 662 2278 693 2293 695 2293 697 2293 800 2278 831 2289 833 2289 835 2291 1030 2291 1030 2289 1218 2274"/></Shape>
            <String CONTENT="Seront poiſez, &amp; mis en cognoiſſance"
                    HPOS="127"
                    VPOS="2175"
                    WIDTH="1091"
                    HEIGHT="126"
                    WC="0.9869294332133399"></String>
          </TextLine>
          <TextLine ID="eSc_line_06aab143"
                    TAGREFS="LT8"
                    BASELINE="133 2361 1317 2349" 
                    HPOS="131"
                    VPOS="2268"
                    WIDTH="1186"
                    HEIGHT="128">
            <Shape><Polygon POINTS="133 2361 133 2378 191 2388 193 2388 195 2388 197 2388 211 2380 224 2392 224 2394 226 2394 228 2394 230 2396 284 2396 284 2394 286 2394 342 2378 474 2392 476 2392 478 2392 536 2375 594 2384 596 2384 676 2375 720 2390 722 2390 724 2390 792 2378 875 2388 877 2388 879 2388 926 2371 949 2386 951 2386 953 2386 955 2386 957 2386 992 2371 1040 2386 1042 2386 1044 2388 1112 2388 1112 2386 1114 2386 1154 2369 1280 2380 1282 2380 1284 2380 1317 2371 1317 2349 1311 2268 1139 2278 1088 2270 1086 2270 1085 2270 1038 2289 939 2270 937 2270 935 2270 933 2270 916 2285 869 2274 868 2274 866 2274 864 2274 829 2291 532 2274 530 2274 528 2274 505 2285 476 2276 474 2276 472 2276 470 2276 468 2276 445 2297 406 2297 389 2282 389 2280 387 2280 385 2280 383 2280 381 2280 325 2297 131 2293 133 2361"/></Shape>
            <String CONTENT="Ce que t&#x27;’ay faict, mon penſer, ma parolle,"
                    HPOS="131"
                    VPOS="2268"
                    WIDTH="1186"
                    HEIGHT="128"
                    WC="0.9551601493081381"></String>
          </TextLine>
          <TextLine ID="eSc_line_abdb8827"
                    TAGREFS="LT8"
                    BASELINE="133 2452 1352 2448" 
                    HPOS="131"
                    VPOS="2367"
                    WIDTH="1221"
                    HEIGHT="116">
            <Shape><Polygon POINTS="133 2452 133 2468 164 2483 166 2483 168 2483 224 2473 240 2483 242 2483 244 2483 246 2483 248 2483 249 2483 249 2481 265 2469 333 2469 346 2481 346 2483 348 2483 350 2483 352 2483 463 2471 492 2483 494 2483 496 2483 567 2471 625 2483 627 2483 629 2483 631 2483 647 2469 720 2469 734 2481 734 2483 736 2483 738 2483 740 2483 742 2483 802 2468 833 2468 846 2479 846 2481 848 2481 850 2481 852 2481 854 2481 900 2468 988 2481 990 2481 992 2481 993 2481 1013 2468 1218 2479 1220 2479 1352 2464 1352 2448 1350 2384 1315 2367 1313 2367 1311 2367 1195 2382 1123 2369 1121 2369 1119 2369 1086 2382 1040 2367 1038 2367 1036 2367 970 2380 953 2367 951 2367 949 2367 900 2367 899 2367 897 2367 895 2367 873 2382 798 2369 796 2369 794 2369 757 2382 530 2369 528 2369 399 2384 375 2369 373 2369 372 2369 370 2369 368 2369 366 2369 344 2386 131 2386 133 2452"/></Shape>
            <String CONTENT="Serav cõgneis, mieulx eſcript qu&#x27;en vn rolle."
                    HPOS="131"
                    VPOS="2367"
                    WIDTH="1221"
                    HEIGHT="116"
                    WC="0.9668664251980574"></String>
          </TextLine>
          <TextLine ID="eSc_line_d4ca18c8"
                    TAGREFS="LT8"
                    BASELINE="131 2545 1128 2539" 
                    HPOS="127"
                    VPOS="2455"
                    WIDTH="998"
                    HEIGHT="110">
            <Shape><Polygon POINTS="130 2542 130 2565 1122 2560 1125 2536 1116 2455 753 2469 665 2455 662 2455 549 2472 311 2458 308 2458 305 2458 302 2458 302 2461 287 2475 127 2475 130 2542"/></Shape>
            <String CONTENT="Et ne fault pas penſer, que charité"
                    HPOS="127"
                    VPOS="2455"
                    WIDTH="998"
                    HEIGHT="110"
                    WC="0.9661104447311826"></String>
          </TextLine>
          <TextLine ID="eSc_line_264db83c"
                    TAGREFS="LT8"
                    BASELINE="133 2630 920 2634 1121 2626" 
                    HPOS="131"
                    VPOS="2551"
                    WIDTH="990"
                    HEIGHT="116">
            <Shape><Polygon POINTS="131 2655 160 2665 162 2665 164 2665 356 2655 375 2667 377 2667 379 2667 381 2667 466 2657 521 2667 523 2667 616 2653 660 2667 662 2667 664 2667 666 2667 668 2667 695 2650 780 2650 800 2665 802 2665 804 2665 848 2667 850 2667 852 2667 854 2667 877 2650 964 2650 974 2657 974 2659 976 2659 978 2659 980 2659 982 2659 984 2659 995 2650 1071 2659 1073 2659 1119 2648 1121 2626 1118 2570 1083 2570 1065 2555 1065 2553 1063 2553 1061 2553 1059 2553 1057 2553 1055 2553 1042 2564 1026 2553 1024 2553 1023 2553 823 2553 821 2553 819 2553 817 2553 796 2568 676 2557 674 2557 672 2557 670 2557 654 2570 554 2570 527 2555 525 2555 523 2555 521 2555 519 2555 519 2557 503 2570 443 2570 358 2553 356 2553 354 2553 302 2568 189 2568 135 2551 133 2630 131 2655"/></Shape>
            <String CONTENT="Vueille offenſer Iuſtice &amp; Verité:"
                    HPOS="131"
                    VPOS="2551"
                    WIDTH="990"
                    HEIGHT="116"
                    WC="0.986221102305821"></String>
          </TextLine>
          <TextLine ID="eSc_line_7843471d"
                    TAGREFS="LT8"
                    BASELINE="135 2733 1038 2725 1143 2720" 
                    HPOS="133"
                    VPOS="2640"
                    WIDTH="1015"
                    HEIGHT="213">
            <Shape><Polygon POINTS="1139 2651 1100 2655 1069 2642 1067 2642 1065 2642 1063 2642 1036 2652 943 2640 941 2640 939 2640 887 2659 807 2659 794 2648 792 2648 790 2648 788 2648 786 2648 784 2648 769 2659 651 2659 620 2644 618 2644 616 2644 614 2644 573 2661 532 2648 530 2648 528 2648 527 2648 525 2648 509 2661 377 2663 362 2650 362 2648 360 2648 358 2648 296 2648 294 2648 292 2648 230 2665 178 2655 176 2655 174 2655 133 2667 135 2733 137 2828 184 2807 207 2830 207 2832 209 2832 211 2832 246 2834 248 2834 249 2834 251 2834 277 2816 329 2851 331 2851 333 2851 335 2853 443 2853 443 2851 445 2851 447 2851 447 2849 463 2834 501 2841 503 2841 505 2841 507 2841 507 2839 525 2824 573 2841 575 2841 577 2841 579 2841 581 2841 647 2801 691 2808 693 2808 835 2799 866 2820 868 2820 869 2820 871 2820 873 2820 895 2814 933 2830 935 2830 937 2830 939 2830 941 2830 970 2808 1017 2843 1019 2843 1021 2843 1023 2845 1102 2845 1102 2843 1148 2841"/></Shape>
            <String CONTENT="Car qulaira veſet comme imuete,"
                    HPOS="133"
                    VPOS="2640"
                    WIDTH="1015"
                    HEIGHT="213"
                    WC="0.8793802732421506"></String>
          </TextLine>
        </TextBlock>
        <TextBlock HPOS="1319"
                   VPOS="748"
                   WIDTH="306"
                   HEIGHT="137"
                   ID="eSc_textblock_512d7703"
                   TAGREFS="BT13">
          <Shape><Polygon POINTS="1319 748 1319 885 1625 885 1625 748"/></Shape>
          <TextLine ID="eSc_line_3ba9a1e3"
                    TAGREFS="LT8"
                    BASELINE="1351 846 1391 840 1604 840" 
                    HPOS="1342"
                    VPOS="761"
                    WIDTH="262"
                    HEIGHT="139">
            <Shape><Polygon POINTS="1355 871 1371 885 1371 887 1373 887 1375 887 1377 887 1379 887 1428 873 1457 885 1459 885 1460 885 1507 875 1536 896 1538 896 1540 896 1602 900 1604 840 1602 821 1596 780 1534 761 1532 761 1530 761 1468 774 1404 767 1402 767 1342 782"/></Shape>
            <String CONTENT="2Cor as"
                    HPOS="1342"
                    VPOS="761"
                    WIDTH="262"
                    HEIGHT="139"
                    WC="0.9911569016320365"></String>
          </TextLine>
        </TextBlock>
        <TextBlock HPOS="1344"
                   VPOS="2412"
                   WIDTH="292"
                   HEIGHT="162"
                   ID="eSc_textblock_57329141"
                   TAGREFS="BT13">
          <Shape><Polygon POINTS="1344 2412 1344 2574 1636 2574 1636 2412"/></Shape>
          <TextLine ID="eSc_line_b07c8fc7"
                    TAGREFS="LT8"
                    BASELINE="1379 2475 1598 2479" 
                    HPOS="1377"
                    VPOS="2396"
                    WIDTH="221"
                    HEIGHT="101">
            <Shape><Polygon POINTS="1592 2429 1557 2429 1528 2415 1515 2415 1495 2411 1476 2407 1457 2404 1437 2402 1420 2415 1381 2396 1379 2475 1377 2497 1596 2497 1598 2479 1598 2429 1592 2429"/></Shape>
            <String CONTENT="Luc.12."
                    HPOS="1377"
                    VPOS="2396"
                    WIDTH="221"
                    HEIGHT="101"
                    WC="0.9979176436151777"></String>
          </TextLine>
          <TextLine ID="eSc_line_f479d4c7"
                    TAGREFS="LT8"
                    BASELINE="1382 2543 1619 2539" 
                    HPOS="1378"
                    VPOS="2478"
                    WIDTH="238"
                    HEIGHT="192">
            <Shape><Polygon POINTS="1381 2542 1381 2650 1485 2670 1488 2670 1616 2661 1616 2536 1607 2478 1378 2484 1381 2542"/></Shape>
            <String CONTENT="Mait as"
                    HPOS="1378"
                    VPOS="2478"
                    WIDTH="238"
                    HEIGHT="192"
                    WC="0.8847307733127049"></String>
          </TextLine>
        </TextBlock>
        <TextBlock HPOS="998"
                   VPOS="2761"
                   WIDTH="155"
                   HEIGHT="87"
                   ID="eSc_textblock_d9c834ee"
                   TAGREFS="BT15">
          <Shape><Polygon POINTS="998 2761 998 2848 1153 2848 1153 2761"/></Shape>
          <TextLine ID="eSc_line_aa3b022c"
                    TAGREFS="LT8"
                    BASELINE="1034 2812 1121 2812" 
                    HPOS="1032"
                    VPOS="2734"
                    WIDTH="87"
                    HEIGHT="197">
            <Shape><Polygon POINTS="1032 2809 1032 2902 1113 2931 1119 2809 1119 2754 1070 2734 1067 2734 1064 2734 1061 2734 1058 2734 1032 2751 1032 2809"/></Shape>
            <String CONTENT="A"
                    HPOS="1032"
                    VPOS="2734"
                    WIDTH="87"
                    HEIGHT="197"
                    WC="0.9998902082443237"></String>
          </TextLine>
        </TextBlock>
      </PrintSpace>
    </Page>
  </Layout>
</alto>
