2134 3487
46 395 1008 143 Si mon peché pardonné, eſt la gloire

40 497 1198 148 De mõ Saulueuer, pareillement puis croire,

44 588 1136 140 Qu'außi la miẽne en eſt donc augmentée:

32 679 1014 132 Puis qu’en luy ſuis inſerée & entée.

34 769 1068 143 Son honneur ſeul hõnore tous lés ſiens,

27 860 1044 133 Et ſa richeſſe emplit chaſcun de biens.

77 958 1113 144 Enfer eſt donc par luy du tout deſtruict,

21 1057 1014 134 Pcche vaincu, qui tant a eu de bruyt.

17 1146 969 134 Goulu Enfer, ou eſt voſtre defenſe!

15 1235 1035 142 Vilain peché, ou eſt voſtre puiſſance?

13 1334 996 138 O mort, ou eſt icy voſtrexvictoire,

15 1425 1175 146 Voſtre, aguuillon, dont tant eſt de memoire?

5 1518 1206 149 En nous cuidant donner mort, donnez vie:

3 1615 985 138 Le contraire faites de voſtre enuie.

1 1704 890 132 Et vous peché, qui à damnation

3 1797 921 134 Voulez tirer tous ſans remißion,

1 1884 1185 152 Vous nous ſeruez d'eſperon & d'eſchelle,

0 1985 912 132 Pour atteindre Ieruſalem la belle:

0 2080 930 130 Cuidant faire par maligne nature

0 2177 889 126 Au Createur perdre ſa creature.

0 2260 1054 146 Plus par ſa grace aduancez ſon retour,

2 2347 934 149 Et à ſon Dieu la faites par amour

0 2443 1008 146 Plus que iamais reuenir humblement.

0 2541 994 134 Et le ſeruir & aymer z doublement.

5 2632 1128 194 Sa grãd' bonté vous fait perdre la peine,

804 2752 118 148 d 4

1242 1385 244 124 1.Cor.15.

1221 2576 211 153 Rom.5.
