2134 3487
29 325 1329 126 Ny la largeur de toute ceſte terre, "

21 426 1353 116 Mort, ne peché, qui tant me fait de guerre, "

21 519 1323 118 Ne me pourront ſeparer vn ſeul iour "

23 612 1287 114 De la grande charité & amour, "

25 703 1275 118 Que mõ Pere, par IESVS Chriſt me porte:

23 798 1058 112 Car ſon amour eſt de ſi bonne ſorte,

29 893 1186 114 Que ſans * l'aymer il m'ayme, et en l'aymant

21 982 1196 118 Par ſon * amour ſentz l'aymer doublement.

21 1077 1275 108 Mon amour n'eſt pour l'aymer, mais la ſiẽne

17 1170 1283 118 En moy l'ayme, que ie ſentz comme mienne.

26 1266 1495 121 Il ſ'ayme donc en moy, et par m'aymer

23 1359 1078 111 Il fait mon cœur par amour enflammer.

25 1452 1076 111 Par ceſte amour il ſe fait aymer tant,

36 1543 1178 119 Que ſon effect (non moy) le rend content.

29 1638 1000 111 Se contentant, touſiours il multiplie

31 1729 1259 117 Trop plus d'amour qu'amour ne luy ſupplie,

75 1824 1057 113 O vray aymant, de charité la ſource,

29 1913 972 121 Et du threſor diuin la ſeule bourſe,

36 2012 965 111 Doy ie penſer, ny oſerois ie dire,

34 2099 1143 117 Que c'eſt de vous? le puis ie bien eſcrire?

40 2190 1138 121 Voſtre bonté, voſtre amour ſe poeut elle

0 2273 1535 133 Bien comprendre de perſonne mortelle?

42 2378 1076 117 Et ſ'il vous plaiſt vn petit l'imprimer,

31 2475 1128 109 Dedens vn cœur, la pœut il exprimer?

34 2564 833 179 Certes nenny: car ſa capacité

940 2663 116 136 d 5

1234 821 208 130 Rom.5.

1238 935 238 113 1.Cor.14
