2236 3487
124 340 1116 163 Et le moins mal que i'en a peu ſçauoir,

122 457 1133 131 C'eſt, que iamais ilz ne lés veulent veoir.

118 555 1005 134 Pluſtoſt feriez tourner le firmament,

125 637 1049 147 Que d’un mary faire l'appoinctement

125 726 1136 153 Quand il eſt ſeur du peché qu'elle a faict.

125 810 1186 160 Pour l'auoir veuë, ou priſe en ſon meffaict

170 918 1104 135 Parquoy, mon Dieu nulle comparaiſon

131 1009 1089 145 Ne puis trouuer en nultemps ne ſaiſon:

133 1096 1171 143 Mais par amour, qui eſt en vous ſi ample,

133 1199 971 141 Icy eſtes ſeul, & parfaict exemple,

174 1282 1104 143 Icy mon Dieu plus que iamais confeſſe,

141 1379 1137 147 Que ie vous ay faulſe Foy, & promeſſe.

143 1487 922 124 Lasy eſpouſe m’auiez conſtituée:

143 1578 905 122 Et en l'eſtat d'honneur reſtituée,

147 1648 1205 151 (uais q̃l hõneur? d'eſtré au lieu de l'eſpouſe,

151 1753 1153 139 Qui doulcement prés de vous ſe repouſe:

151 1838 1215 145 De tous voz bies Royne, maiſtreſſe, et dame,

155 1939 1139 133 En ſeureté d'hõneur, de corps, & d’ame)

156 2036 1095 133 Moy villaine, ce que faullt que n'oublie,

158 2125 1097 129 Par vous treſnoble, hoblement anoblie.

160 2210 1223 151 Prief, plus et mieulx, qu'on ne peult deſirer,

162 2313 1031 133 Auois de vous: dont ſans fin ſouſpirer

162 2398 1225 143 Doibt bien mõ cœur iuſqu'à partir du corpr:

166 2495 1477 137 Et par pleürervmés yeulx ſaillir dehors.  Pfaipa¬

178 2588 1122 189 Top ne porrolt ma bouche faire cris

1352 1476 219 162 Olee..

1378 2513 285 195 Psal.94.
