2133 3487
898 333 1054 151 A moy meſme vous vous eſtes rendu.

889 433 937 142 Las daignez vous à celle reuenir,

902 534 1035 126 Qui par peché ne vous a peu tenir?

896 617 1225 155 Mon doulx enfant, mõ filz, ma nourriture,

893 709 974 149 De qui ie ſuis treſhumble creature,

895 811 1130 126 Ne permettez que iamais ie vous laiſſe,

891 894 1025 152 Car du paſſé me repens, & confeſſe.

957 997 858 134 Or venez donc ma ſenſualité,

895 1084 885 142 Venez pechez de toute qualité:

896 1183 1087 145 Vous n'auez pas pouuoir par nul effort

894 1282 1072 128 De me faire recepuoir l'enfant mort.

894 1367 1184 149 Celluy que i'ay eſt fort * pour me deffendre:

891 1464 1230 140 Qui luy meſme ne ſe lais^ra plus prendre.

885 1553 1195 147 Deſia eſt grand, et plus fort que nul hõme,

877 1654 1209 141 Parquoy ie puis dormir, et prendre ſomme

873 1749 1062 133 Auprés de luy: car tout bien regardé,

873 1840 1089 128 Me gardera mieulx, que ne l'ay gardé.

873 1931 1155 137 Bien repoſer me puis donc, ſe me ſemble.

935 2030 1126 135 O quel repos de mere & filz enſemble!

869 2115 1231 143 Mõ doulx enfant, mõ Dieu, hõneur et gloire

871 2210 1107 137 Soit à vous ſeul, & à chaſcun notoire,

859 2321 1120 113 De ce qu'il plaiſt à voſtre humilité,

871 2396 1107 137 Moy, moins que riens, toute nichilité,

865 2493 1113 137 Nommer Mere: plus eſt le cas eſtrange,

865 2584 975 228 Et plus en a voſte bonté, louenge.

635 1357 222 128 Pſal.23.
