2134 3487
5 280 1026 161 Si ſatiffaict, & non moins vdefirand,

7 408 1060 126 Qu'il eſt remply: & vit en ſouſpirant.

1 505 1063 120 Le cœur ſent bien, que trop il a receu:

3 598 985 118 Mais en ce trop tel deſir a conceu,

11 687 981 124 Qu'il deſire touſiours de recepuoir

15 774 1194 128 Ce qu'il ne poeut, ny n'eſt digne d'auoir,

7 877 915 116 Indicible cognoiſt eſtre ſon bien:

11 960 1074 122 Et veult le plus, ou il ne cognoiſt rien.

17 1057 1209 126 Sentir ne pœut quel eſt ſon bien vra ment,

25 1150 1064 126 Et ſi ne pœut peuſer ſon ſentement.

71 1241 1090 126 Le dire donc n'eſt pas en ſa puiſſance,

21 1336 1060 128 Puis que du feu il n’a la cognoiſſance.

19 1431 1081 126 D’amour ne ſçait bien au vray diffinir,

32 1524 1020 124 Qui la cuide toute en ſon cœur tenir.

25 1621 975 120 Bien heureux eſt qui en a telexcez

38 1706 1171 132 Qu'il pœut dire, Mon Dieu i'en ay aſſez.

38 1803 1062 130 Qui l'a en ſoy, il n'en ſçauroit parler,

38 1896 1057 134 (Craignant, parlant, de la laifſer aller)

36 1993 747 124 Sinon faiſant l'edification

36 2082 915 130 De ſon prochain, à ſa ſaluation.

89 2167 1033 128 L'impoßible me fera doncques taire:

46 2258 1177 140 Quar il n'eſt ſainct ſi parfaict, ou auiſtere

44 2353 1215 128 S'il veult parter de l’amour du treſhault,

46 2448 1140 134 De ſa bonté, doulceur, de ce qu’il vault,

44 2545 1210 198 De ſes graces, de ce qua luy ſeul touche¬

1234 302 244 141 Eccll.4
