2236 3487
69 392 1111 125 De vrae anour, & loyauté promiſe:

75 480 1118 128 Laiſſé vous a. Mais oume ſuis ie miſe?

77 579 900 118 Au lieu, ou n'a que malediction;

77 666 936 128 Laiſſe vous ay l’any ſans fiction.

83 763 948 120 L'any de tous digne dſtre eſtimé,

78 863 1131 116 L'amy aymant premier que d’eſtre cyne.

83 949 948 118 Laiſſe vous ay ô ſource de bonte,

87 1042 945 124 Par pa ſeule mauluaiſe volunté. .

87 1135 1089 118 Laiſſe vous, a, le brau, le bon, le ſaige.

89 1228 1123 124 Le fort de bras, & le doulx de couraige.

93 1321 1205 114 Laiſſe vous aya &r pour mieulx me retraine

89 1416 1222 122 De voſlre, amour, a prins oſtre cõtraire.

94 1507 1196 120 C'eſt l'ennemy, & le monde, & la chair:?

96 1600 1196 124 Qui ſur la crpix vous, ont couſtéſi cher,, i

93 1693 1165 112 Pour lés comuaincrez et mettre en x libgté

94 1788 1114 120 Moy, qui par eulx long temnps auois eſté.

102 1890 906 111 Priſonniere, eſclaue, & tant liée,

102 1966 1012 128 Que ne pouuois plus eſtre hianiliée.

100 2072 1015 117 Et de tous trois ie me ſuis accointée:.

108 2163 991 109 Et de tous cas auec eux appoinctée.

102 2245 1227 131 Et ppre ainour, qui trop eſt faulſe et faincte

100 2347 1007 119 A charité de vous en moy eſtaincte

106 2437 1199 122 Tant que le nom de IESVS mon eſfoux,,

100 2530 1103 129 Que par auant i'auois trouué ſi doulx)

102 2622 1034 181 tuois quaſi en houe, v& faſcherie,

1311 1325 241 103 Deut.32.

1308 1691 193 112 Gnl4i

1302 2619 232 149 Prousi.
