2133 3487
885 340 1077 155 " Estes laſſez, & chargez de douleur:

896 449 1021 151 " Ie ſuis celluy qui vous recepueray,

900 546 932 132 " Et de mon pain refectionneray.

995 641 1066 137 Las tous cés motz ne voulois eſcouter,

900 730 1004 134 Mais encores ie venois à doubter,

935 821 1021 134 Si c'eſtoit vous, ou ſi par aduenture

891 916 1232 145 Ce n'eſtoit riens, qu'une ſimple eſcripture.

895 1003 991 145 Car iuſques là i'eſtoie bien ſi folle,

935 1104 1097 141 Que ſans amour liſois voſtre parolle,

918 1194 1011 148 Ie voioys bien que lés comparaiſons

945 1292 1100 143 De la vigne, * qui vous donnoit poiſons,

941 1380 1148 154 Et lambruſques * en lieu de fruict parfaict,

918 1473 1060 154 Eſtoit pour moy, qui auois ainſi faict.

927 1563 892 148 Aſſez penſois que lés vocations

921 1662 959 139 De ton eſpouſe, & appellations

924 1755 1162 155 Diſantz, * Tournez retournez Sulamithe,

927 1848 935 136 Eſtoient afin que de tout le limite

867 1944 988 140 De mon peché, ie voulſiſſe ſaillir,

902 2037 909 128 Ou en pitié me voyiez defaillir.

873 2127 1066 141 De tout celà ſemblant ne faiſois mie:

875 2221 988 130 Mais quand ie vins à lire leremie.

889 2314 974 142 Ie confeſſe que i’euz en ce paſſaige

880 2403 1223 148 Crainte en mõ cœur, et hõte en mõ viſaige,

896 2504 971 128 Ie le diray, voire la larme à l'œil,

897 2592 1195 264 A voſtre honneur r'abaissant mõ orgueil.

676 1296 250 112 Deut.32.

678 1373 181 105 Iſaie.5.

666 1745 233 114 Cant.6.
