2133 3487
918 366 937 124 N'a nul repos qu'il n'ait deifié

933 462 1074 119 Celluy qui ſ'eſt par Foy en DIEV fié,

950 543 1180 145 * O l'heureux dõ, qui fait l'hõme Dieu eſtre:

937 645 1015 126 Et poſſeder ſon tant deſirable eſtre!

933 745 1062 115 Helas iamais nul ne le pœut entendre,

939 834 1164 124 Si par ce don n'a pleu à DIEV le prendre

931 925 1081 126 Et grand raiſon a celluy d'en doubter,

929 1024 1142 122 Si DIEV au cœur ne luy a fait gouſter.

999 1107 1093 157 Mais vous Lecteur de bonne conſcience,

931 1216 1014 116 Ie vous requier, prenez la patience

931 1301 1130 128 Lire du tout ceſte œuure, qui n’eſt rien:

935 1396 1056 124 Et n'en prenez ſeulement que le bien.

937 1485 1163 136 Mais priez DIEV plein de bonté neifue,

944 1577 1127 175 Qu'en voſtre cœur il plante la Foy viue.

1397 1717 241 218 FIN

703 565 201 196 Pſal.81.
