2133 3487
862 302 1046 131 N'eſt pour tenir la grande inmenſité,

867 404 1041 119 Qui eſt en vous: veu que viue raiſon

864 493 1154 128 Nous monſtre bien n’auoir comparaiſon

883 585 792 131 Dé v l’infim à la choſe finie.

864 679 1044 123 Mais quant à luy par amour eſt vnie,

860 769 1127 125 Si remply eſt ſon riens d'un peu de tout,

867 869 1122 120 Qu'a declairer ne pœut trouuer le bout.

867 960 1101 122 Plus a de bien qu’il n'en pœut ſouſtenir:

865 1055 1072 118 Parquoy il croit tout le monde tenir.

929 1148 1033 122 Quand le Soleil d’une ſeule eſtincelle

854 1237 1052 126 Aueugle loeil, ſa grand' lumiere cele:

852 1338 1027 118 Mais demandez à loeil qu’il a ſenty,

848 1429 883 116 Il dira tout:mais il aura menty,

848 1522 854 116 Car aueuglé de petite lumiere,

850 1613 1155 126 Il ne pœut veoir la grand' clarté entiere:

850 1708 914 122 Et touteſfoys demeure ſi content:

860 1801 1026 120 Qu'il luy ſemble, ſ'il en auoit autant,

852 1894 1048 128 N'eſtre puiſſant pour pouoir endurer

852 1991 1027 120 Ceſte clarté, qu’il ne poeut meſurer.

916 2082 976 120 Außi l'Ame, qui par façon ſubtile

840 2167 1076 126 Sent de l'amour de Dieu vne ſcintille,

852 2262 1064 118 Treuue ce feu ſi grand, & ſi terrible,

848 2357 1098 128 Si doulx, ſi bon, qu'il ne luy eſt poßible,

842 2454 1012 122 Dire que c'eſt d’anour: car vn petit

858 2551 996 199 Qu ila ſent, rend tout ſon appeut

619 588 241 119 Pfai.44
