2236 3487
107 966 116 207 S

156 364 1184 151 MARGVERITE DE

230 480 971 145 France, Soeur unique du

273 596 806 114 Roy par la grace de Dieu

389 685 564 124 Royne de Nauarre,

521 794 362 149 au Lecteur.

209 964 1096 134 I vous liſez ceſte œuure toute entiere,

212 1069 1105 125 Arreſtez vous, ſans plus, à la matiere:

112 1158 1046 134 En excuſant la Rhyme, & le langaige,

113 1255 1111 122 Voyant que c'eſt d'une femme l'ouurage:

116 1340 953 136 Qui n'a en ſoy ſcience, ne ſçauoir,

110 1443 1101 118 Fors vn deſir, que chaſcun puiſſe veoir,

118 1530 1075 132 Que fait le don de DIEV le Createur,

110 1631 1033 114 Quand il luy plaiſt iuſtifier vn cœur:

118 1714 1182 139 Quel eſt le cœur d'un homme, quand à ſoy,

112 1817 994 110 Auant qu'il ait receu le don de Foy:

114 1908 1139 126 Par lequel ſeul l'homme a la cognoiſſance

114 2008 1058 109 De la Bonté, Sapience, & Puiſſance.

114 2094 951 120 Et außi toſt qu'il cognoiſt Verité,

114 2192 1071 107 Son cœur eſt plein d'amour & charité

112 2282 1114 112 Ainſi bruſlant, perd toute vaine crainte:

112 2371 1188 131 Et fermement eſpere en DIEV ſans faincte.

114 2468 821 110 Ainſi le don, que liberalement

122 2564 1054 144 Le Createur donne au commencement,

1131 2667 83 138 a 2
