2133 3487
712 583 255 114 Ienas ¬

957 379 1170 138 Mon doulx Eſpoux: par voſtre grãd pou¬

970 486 1102 118 Tranſformez moy en luy toute viuante:

979 583 1123 118 Et en repos i’attendray mieulx l’aitente.

972 676 1149 114 Faictesx moy donc en luy viuant? mourir.

970 755 1107 128 Aultre que vous ne me poeut ſecourir.

1040 858 1085 124 Omõ Saulueur par Foy ie ſuis v planté.

976 953 1120 120 Et par anour en vous ioincte & entée.

982 1034 944 139 Quellé vnion, quelle bienheureté,

960 1137 1085 122 Puis que par Foy i'ay de vous ſeureté.

957 1235 1168 115 Nommer vous puis par amour hardi men

976 1325 1151 125 * Filz, Pére, Eſpoux, & Frere entiereme

958 1421 1099 111 Pere, Frere, Filz, Mary: ô quelz dons,

953 1516 1119 119 De me donner le bien de tous cés noms.

960 1611 851 117 O mon Pere quelle paternité,

957 1704 900 111 O mon Frere, quelle fraterniré,

953 1788 902 129 O mon Enfant, quelle dilection,

951 1890 1015 109 O mon Eſpoirx, quelle conionction.

958 1970 1055 128 Pere enuers moy plein de manſuetude,

951 2080 994 114 Frere vyant prins noſtre ſimilitude,

943 2167 976 120 Filz engendré par Foy & charité,

945 2262 969 122 Mary aymant en toute extremité.

988 2359 1114 110 Mais qui eſt ce que vous amez? helas

941 2444 870 120 Celle qu’auez retirée dés laqs.

947 2539 860 114 Ou elle eſtoit liée par malice:

935 2630 1029 219 Lin relomuot le let, von & oſfe

724 850 246 124 Ron aii.

720 1321 237 118 Ieuan ai.
