2133 3487
868 313 1183 186 Tant de malice, & tant d'accouſtumance

873 433 1199 161 Que de ſon mal, de ſa peine & tourment

860 526 994 150 Participer doy par vray iugement.

864 621 1133 159 Grand & trop grand eſt le cruel peché,

862 709 943 145 Qui en Enfer m'a ſi fort attaché

852 803 1007 150 Enfer eſt fort ne laiſſant rien ſaillir,

862 906 1121 147 Et ſi ne craint qu'on le vienne aſſaillir.

848 985 1223 177 Le fort eſt fort, mais quãdx le plus fort vient,

858 1090 1028 145 Le fort ne ſçait que ſa force deuient.

846 1181 1118 153 Peché eſt fort, qui en Enfer nous maine:

836 1278 1119 151 Et ne voy nul, qui par merite ou peine

838 1365 1169 157 Ait iamais ſceu vaincre & tuer ce Port,

834 1456 1027 151 Fors celluy ſeul, qui a faict tel effort

839 1548 930 151 Par charité, que x mort humilié,

842 1647 855 140 Son x ennemy a vaincu & lié,

825 1741 1011 145 Enfer rompu, & briſe ſon pouoir:

821 1834 1178 157 Dont maintenant ne poeut puiſſance auoir

815 1927 992 145 De plus tenir captiue & en tutelle

811 2030 1050 133 La paoure ame, qui eſt à Dieu fidele.

881 2121 1129 151 Parquoy croyant de luy la grand' vertu,

805 2206 956 141 Enfer, peché, ie n'eſtime vn feſtu.

802 2301 1148 151 Dequoy me nuyt peché, ſinon de mieul,

802 2394 1079 134 Monſtrer mon Dieu miſericordieux,

790 2489 1157 145 Fort &, puiſſant, entierement vainqueur

782 2576 1192 231 De tout le nol qui el atdeus mon cœur?

600 982 213 141 Luc.ii.

572 1528 250 151 Phiuip.a

578 1656 241 165 Ephe .4.
