2134 3487
83 418 973 120 Et leur Enfer, punition, langueurs,

81 521 1043 108 Auez voulu pour vous ſeul reſeruer.

143 610 1081 104 Que diray ie de més maulx & pechez?

77 703 1126 112 Las mon Seigneur, ilz me ſont ſi cachez,

79 800 1140 112 Que ie n'en ſçay le nombre, ny la ſomme

73 889 1093 114 Dedens mon cœur lés ſentz ſi attachez,

77 986 1056 112 Que ſi par vous ilz ne ſont arrachez,

69 1079 1074 108 Ilz me feront dormir en piteux ſomme:

71 1172 1041 108 Car ma vertu ie n'eſtime vne ponme

71 1261 1082 110 Pour lés oſter: & nul aultre ne chommne

69 1356 1095 114 De me ayder fors vous ſeul: qui taſchez

67 1450 1173 113 A me guarir dés maulx, que i'ay maſchez,

79 1545 1196 109 Voyant mõ cœur, qui en eulx trop ſ'aßõme:

69 1638 1043 105 Més ennemis ont contre moy laſchez

69 1724 1136 114 Tous leurs effectz, ſans en eſtre faſchez,

65 1824 1161 105 Pour m'enterrer ou tout bien ſe cõſumme.

65 1913 1225 115 Car més pechez (dont vn ſeul ie ne nomme)

65 2010 971 107 Sont infinitz, & ſi menus trenchez

71 2099 1272 119 Que ſans l’eſpoir de vous vray Dieu et hõme

67 2196 985 101 Iamais de moy ne ſeront deſtachez.

118 2289 979 113 Ie ne crains point pour la punition

62 2380 971 99 De més pechez, auoir damnation,

67 2475 1086 113 Ne voſtre Enfer, ou ſe punit tout vice:

73 2564 911 113 Car merité ie l'ay ſans fiction,

73 2659 923 194 Si par grace ie n'ay remißion,
