2244 3482
967 350 992 120 Vous appeller ſon mary & eſpoux:

956 442 1135 124 Luy declairant * comme de franc courage

965 535 799 107 Auez d'elle iuré le mariage.

785 546 1366 198 Par le bapteſme luy auez faict promeſſe,

969 719 1108 116 De luy donner voſtre bien & richeſſe.

973 810 1176 120 Sés maulx prenez: car rien que peché n'a,

973 907 971 120 Lequel Adam ſon pere luy donna.

1036 998 1132 118 Dõcques ne ſont ſes threſors que pechez

998 1089 1143 139 Leſquelz ſur * vous, vous auez attachez,

986 1183 950 111 Entierement auez payé ſa debte:

984 1282 1103 114 Et de voz biens & treſgrande recepte

986 1373 965 106 L'auez ſi bien enrichie & douée,

1000 1462 1098 120 Que ſe ſentant de vous femme aduouée,

1003 1561 1103 114 Se tient quitte de tout ce quelle doibt,

1003 1653 1035 117 Peu eſtimant ce que ça bas el' voit,

1005 1744 1202 118 Son vieil pere & tous lés biens qu'il donne,

1002 1839 1182 114 Pour ſon eſpoux de bon cœur abandonne.

1073 1930 1138 120 Vrai^mẽt mõ Dieu, mõ ame eſt biẽ gaſtée,

1009 2025 1028 116 Eſtre par vous de tel bien appaſtée:

1007 2116 939 120 Et de laiſſer le plaiſir de la terre

1011 2207 1122 120 Pour l'infiny, là ou eſt paix ſans guerre.

982 2305 1089 118 Ie m'eſbahis que tout ſoubdainement

1015 2398 915 118 Elle ne ſort de ſon entendement.

1019 2491 1029 120 Ie m'eſbahis qu'elle ne deuient folle,

1015 2576 1161 205 En perdant ſens, contenance & parolle.

704 464 239 110 Oſee.2.

737 1116 240 114 1.Pier.2.
