2133 3487
886 342 1159 178 Doibt elle point ſi fort bruſler vn cœur,

895 497 966 115 Que tranſporte de telle affection,

885 586 1042 123 Ne doibt ſentir nulle aultre paßion?

900 674 1183 136 Helas ſi faict: car * mort eſt choſe heureuſe

906 778 921 119 A vne ame de luy bien amoreuſe.

901 867 936 124 Et gratieuſe * elle eſtime la porte,

881 958 1138 126 Par qui il fault que de ſa priſon ſorte.

877 1048 1023 133 Le dur chemin ne la ſçauroit laſſer,

881 1146 1019 126 Par ou el' va ſon eſpoux embraſſer.

945 1241 1135 126 O mõ vray Dieu, que ceſte mort eſt belle

858 1332 1062 120 Par qui i'auray fin de toute querele:

881 1423 972 128 Par qui i'auray de vous fruition,

871 1520 820 118 Et iouiray de voſtré viſion:

865 1609 1004 126 Par qui ſeray à vous ſi conformée,

865 1708 1003 128 Que i'y ſeray diuine tranſformée!

898 1803 1167 118 O mort, par vous i'eſpere tant d’hõneur,

871 1898 1211 116 Qu'a deux genoulx en cry, ſouſpir & pleur

865 1987 1064 129 Ie vous requier venez * haſtiuement,

869 2078 975 122 Et mettez fin à mon gemiſſement.

869 2165 1055 136 O heureuſes * filles, ames treſſainctes,

860 2262 933 128 En la cité de Ieruſalem ioinctes,

858 2363 1000 120 Baiſſez voz yeulx par miſeration:

858 2454 803 120 Et regardez ma deſolation.

858 2545 1226 122 Ie vous ſupply' que vous vueillez pour moy

865 2634 1178 182 Dire à mon Dieu, mõ amy & mon Roy:

645 692 256 106 Pſal.115.

643 865 241 117 Philip.1.

621 1975 253 121 Pſal.119.

619 2132 210 144 Cant.5.
