2133 3487
747 779 237 110 M

831 346 1092 204 Oraiſon a noſtre Seigneur

1030 501 682 132 IESVS CHRIST

984 676 1013 141 On Createur, qui auez cognoiſſance

996 767 1030 143 Deuãt l'heure de mõ eſtre, et naißãce,

749 860 1223 143 Que ce ſeroit, que c'eſt, & que doibt eſtre:

740 955 1210 137 Vous ſçauez tout ce que ie veulx & penſe,

734 1040 1240 153 Quel eſt mon bien, quelle eſt mon indigence,

738 1142 1267 146 Vous voyez tout, ſans vn ſeul poinct omettre:

720 1232 1031 131 Humiliant ſoulz voſtre forte dextre

724 1325 1254 156 Tous lés humains monſtrant voſtre puiſſance

712 1425 957 118 Ie viens à vous en telle reuerence

711 1511 1241 155 Non que ie doy, mais à vous me ſoubmettre,

709 1609 1055 126 Comme à celluy ou i'ay ma confiance.

716 1697 1081 139 Vous ſuppliant en treſferme aſſeurance

714 1799 1072 132 Tous mes pechez effacer & remettre,

699 1894 1193 138 Et voſtre amour me donner: & permettre

705 1983 1077 126 Que viue Foy m'oſte toute doubtance:

695 2076 1050 118 En me baillant de voſtre grace lettre,

701 2169 1042 124 Qui contre tous me ſerue de deffenſe.

759 2262 1174 134 O Redempteur craindray ie d'approucher

699 2355 1075 128 Voſtre bonté? veu que la propre chair

691 2446 1240 136 Que nous portõs, vous auez daigné prẽdre?

689 2543 1182 149 Comme Dieu, nul ne vous pouoit toucher,

687 2630 967 200 Ne à terre du hault ciel arracher,
