2236 3487
1435 1094 244 140 Ephe.t.

215 356 1226 118 Qui le voyant (comme ſoy) nõmé homne,

213 459 1145 102 Se dit ſa Soeur, & Frere elle le nomme,

213 544 1220 106 Pien doibt auoir le cœur ferme & oſſeis

215 639 1222 118 Qu de pon Deu ſepoeit dire le sæir.

209 730 978 118 Aprés venez par grand' dilection

209 823 843 116 Lo declairer que ſa creation

213 916 1094 118 N'eſt ſeulement que par le bon vouloir,

220 1015 1153 114 Qu'il vous a pleu touſiours à elle auoir,

217 1108 1203 120 En l'aſſeurant qu’auantx ſon premier iour

211 1208 928 101 La preuoyant, y auez eu amour.

259 1297 986 109 Par celle amour engendrée l’auez,

217 1388 1075 113 Comme vous ſeul bien faire le ſçauez:

213 1481 1094 111 Et puis aprés dens ce corps l’auez miſe,

211 1574 1110 109 Non pour dormir, ne pour eſtre rémiſe:

206 1656 1224 122 Mais pour to deux n'auoir aultre exercice,

213 1760 994 115 Que de penſer à vous faire ſeruice:

211 1853 910 115 Alors luy fait bien ſentir Verité.

211 1950 918 111 Qu'en vous y a vraye paternité.

261 2039 1130 117 O quel hõneur, quel bien, et q̃lle gloyre

211 2134 1056 113 A ceſte ame, qui touſiours a memoire,

213 2225 1451 126 Qu'elle eſt de vous fille:& vous nommant....

207 2320 996 115 Pere, elle fait voſtre comandement.

217 2415 1048 111 Qu'y a il plus! eſt ce tout? helas non:

215 2510 1201 111 Il vous plaiſt bien luy donner aultre nom

213 2599 1098 180 Voſtre eſpouſe la nomner: & de vou
