2133 3487
767 356 922 137 Me iette hors de més poſſeßions:

771 449 937 143 Car fuſſent ilz cent mille millions,

769 546 918 135 Et tout Enfer plein de tentations,

755 633 1184 151 Ie ne lés crains, ne leur feu, ne leur flamme:

763 730 1275 157 Mais que mõ cœur voſtre amour biẽ enflãme,

784 823 1081 137 Tant que més faictz, & més intentions

753 916 1321 153 Puiſſent mõſtrer, ſans craĩdre hõme ne femme:

769 1013 1205 147 Que ie ne crains, q̃ voſtre hõneur, & fame:

749 1110 1010 125 En vous rendant de graces actions:

757 1201 1315 147 Croiant pour vray, que voz affections

741 1290 1157 145 De bon Pere, veulent bien ſauluer l'ame.

740 1388 860 123 A qui donnez dés tribulations,

751 1476 1170 153 Quãd le corps mort repoſe ſoubz la lame.

831 1576 1154 148 Doncques Pere, mais quel Pere? eternel,

724 1662 862 137 Inuiſible, immuable, immortel,

738 1760 1139 150 Qui pardonnez par grace tout forfaict,

722 1853 911 134 Ie me iette, ainſi qu'vn criminel,

722 1944 1159 142 A voz ſainctz piedz ô doulx Emmanuêl

720 2043 1000 134 Ayez mercy de moy Pere parfaict.

722 2134 1234 132 Car i'ay penſé, voulu, & dict, & faict

724 2216 1385 160 Tant de faultes que mon cœur eſt defaict.

711 2311 1127 145 Plein de peché pire que veniel:

707 2409 1307 142 Dont ie ſentz bien le mal eſtre mortel:

707 2508 1406 145 Mais par vous ſeul il pœut eſtre refaict,

714 2601 1399 194 Sacrifice vous eſtes & autel,
