2181 3484
75 301 1139 142 Ne dis iamais aucun faux teſmoignage.

23 400 1174 141 10 De ton prochain la maiſon, ou meſnage

48 507 924 114 Aucunement tu ne conuoiteras,

71 592 967 120 Sa femme außi point ne deſireras,

69 667 1168 145 Son aſne, ou beuf, ſeruãte, ou ſeruãt ſeur,

69 770 1067 145 Ny autre bien, dont il ſoit poſſeßeur.

75 894 1086 118 SOMME DES DIX COM¬

261 975 749 122 MANDEMENS.

71 1095 835 122 Saincte eſcriture te propoſe,

75 1200 868 108 Si tu veulx accomplir la Loy,

77 1289 1028 118 D'aymer ton Dieu ſur toute choſe,

83 1387 858 114 Et vnchaſcun autant que toy.

77 1548 1147 130 BNEDICTION DEVANT

71 1633 825 140 MENGER.

286 1749 845 132 Oſtre bon Pere tout puiſſant,

313 1858 760 118 Qui gouuernes ta creature:

92 1945 874 124 Ouure ta main nous beniſſant,

102 2040 1050 120 Pour ſobrement prendre paſture.

89 2131 935 118 Donne nous par ton eſcripure,

98 2227 963 124 Que noz eſperitz ſoient nourris:

91 2318 931 118 Et tés biens donnez par ta cure,

92 2409 753 126 Außi de toy ſoient beneis.

157 2506 805 116 AINSI SOIT IL.

76 1767 221 211 N
