2134 3487
58 352 1163 132 Si par anour ne vous euſt pleu deſcendre.

54 449 930 126 Diuinité auec qu'es noſtre cendre.

52 532 1112 134 Auez vr: las qui le pœut comprendre,

54 633 1079 128 C'eſt vn effect, qui vous a couſté cher.

54 716 1054 136 Bien eſt le cœur de fer, ou de rocher,

60 803 1186 144 Qui par amour ne deuſt partir, ou fendre:

58 904 1135 134 Car ſans faire ſemblant de vous faſcher,

65 997 1076 132 Tout voſtre corps auez laiſſe haſcher:

60 1082 1360 144 Piedz, mains percer, et mort en la croix prẽdre,

62 1181 1312 144 Et par ruißeaulx voſtre ſainct ſang reſfandre,

63 1278 1249 130 Pour du ſigne TAV, noz frontz mercher.

67 1371 1177 134 Qui ne vous rend amnour, eſt à reprendre,

63 1460 1183 138 Et luy doibt on tous voz biens reprocher.

114 1557 915 120 Dés tenebres vray illuminateur,

60 1648 1060 130 Doub Paraclet, à vous cecy i'adreße:

63 1751 1032 120 Dés deſuoyez vous eſtes conducteur,

65 1836 1158 139 De tous dangers la garde & protecteir,

75 1929 1068 138 Qui deliurez noſtre eſprit de triſteße:

69 2022 1047 141 Et le gardez que peche ne l’oppreße,

71 2115 1026 128 En le tirant du tout hors de la preße:

73 2212 977 128 Car de vice vous eſtes deſtructeur,

77 2299 983 136 Et de vertuz l'entier reſtaurateur,

85 2390 1231 141 Tant qu'vne ame, pis que morte, ou ladreße

91 2493 938 128 Vous guariſſez: O viuificateur,

91 2572 1081 242 Vonee vn peu feſtt eu qt non cusr.

1046 2661 99 189 4
