2133 3487
918 350 1017 124 Et donné l'eil à ma grande ennemie,

927 455 1157 114 Qui en la nuict d’ignorance, en dormant

924 555 1065 107 Vous a robbé prés de moy: finementi

916 641 1174 106 En voſtre lieu m'a mis le ſien tout mort.

916 736 1149 114 Perdu vous ay, qui m'eſt vn dur remort,

916 829 1180 116 Perdu vous ay, par ma faulte, (mon filz?

918 920 1123 118 Car torp de vous mauluaiſe garde feis.

991 1013 733 114 Ma voiſine ma ſenſualité

918 1104 813 112 En mon dormnir de beſtialité

926 1204 984 113 Ma priuée de vous, par ſon enuie:

922 1292 1152 114 En me donnant vn aultre enfant ſans vie,

931 1390 1128 115 Qui eſt peché, duquel ie ne veulx point.

922 1481 1046 107 Ie le quitte du tout, voylà le poinct.r.

926 1574 1084 113 Elle m’a dict qu'il eſt mien: c'eſt à eller

927 1664 1027 120 Car außitoſt que vins à la chandelle

922 1762 1203 111 De la grace, que vous iauez donnée, hi

922 1853 1149 115 Ie cogneuz bien ma gloyre eſtre tournée,

935 1948 1099 111 Voyant le mort n'eſtre mien, car le vif,

935 2039 1077 117 Qu'elle auoit prins eſtoit le mien neif¬

927 2132 1124 113 Entre IESVS& peché, eſt le change

927 2229 1163 109 Trop apparent, Mais voicy cas eſtrange.

931 2320 1074 111 Ceſte vieille me faict le mort tenir, nj

935 2411 1153 113 Qu'elle dit mien, & le veult maintenir.

1007 2506 1027 113 O vray iuge Salomon, veritable,,2

906 2595 1217 206 Oin auct le proeis laoabe. C uror!
