2134 3487
48 340 1014 159 L'ame a eſpouxeu Chriſt par fidelite:

19 461 888 129 C'eſt mariage, & en ceſte vnité

19 546 1083 139 Eſt grand x myſtere:or Loy de mariage

15 633 1103 143 Faict, que tous biens ſont en commuiinité:

17 730 967 135 Més pechez ſont ſur ſon humanité:

25 819 913 139 Ie prens de luy, ce qu'il a merité,

19 889 1236 168 Pour lio ne fut, mais pour l'humain lignaige.

62 1026 1182 167 L'eſpoux ſe doibt pour l'eſpouſe expoſer

27 1137 773 149 luſques à ſoy de vie depoſer

29 1197 1107 164 Pour la garder: IESVS l'avainſi faict. Ephes.

36 1309 1084 149 Que doibt l’eſpouſe? à ce ſoy compoſer

46 1414 857 135 Qu'amante Foy la face repoſer

38 1489 1159 153 Toute en l'eſpoux. Or nous fault diſpoſer

40 1582 1248 155 Viure en Foy telle:& aurons bien parfaict.

83 1704 909 140 Car uigementv aulcun ne ſe fera

46 1791 1027 146 Sur celluy qui par Foy en Chriſt ſera

46 1884 1056 148 Selon l’Eſprit, non ſelon Chair viuant.

48 1995 1016 135 Mais declairez ce, Par Eſprit viura,

48 2086 971 137 Non ſelon Chair, & ſi ne pechera.

56 2173 1006 151 Qui eſt celluy ſeul, qui ſ'en gardera?

56 2276 996 135 Si uuſte n'eſt qui ne viue en pechant.

114 2380 1138 146 Qu'appellez vous viure charnellement?

73 2485 985 134 Qu'appellez vous ſpirituellement?

81 2572 1118 200 A vſtre pecheur! qui ainſi le prendroit,

920 2684 80 113 e 2

1193 342 247 109 Olee.2

1215 536 232 112 Ephe.5.

1240 1183 225 132 Ephe.5.

1255 1728 223 141 Rom.8.
