2236 3487
180 335 1027 120 Vous en auez eſté vpleine nomnée,

197 433 1064 119 Dont n’en eſt pas faulſe la renommée.

201 528 1035 111 Car de grace, de vertuz, & de dons

197 619 1108 121 N'aüez faulte, puis que le bon dés bons,

193 716 1012 117 Et laſource de bonté & puiſſance

199 807 1095 118 Qui vous à faicte en ſi pure innocence,

205 904 1007 113 Que de vertiz à tous eſtes exemple)

197 991 1180 122 A faict de vous ſa demeitre & ſon temple.

197 1096 1019 108 En vous il eſt par amour confermée:

197 1185 1012 101 Et vous en luy rauie & tranſfonnée.

193 1272 1229 122 De vous cuider mieulx louër, c'eſt blaſpheme.

191 1369 1113 114 Il n'eſt louënge telle que de Dieu meſme.

220 1460 1074 118 Foy auez eu ſi trefenne & conſtante,

211 1553 955 120 Que par grace elle a eſté puiſſante

199 1652 845 112 De vous faire du tout deifier:

199 1743 882 114 Parquoy ne veulx cuider edifier

195 1832 1147 120 Louẽge à vous pluſgrande que l’honneur,

207 1931 1129 116 Que vous a faict le ſouuerain Seigneur:

197 2022 967 118 Car vous eſtes ſa mere corporelle,

199 2113 862 118 Et ſa mere par Foy ſpirituelle:

199 2206 1106 118 Mais enſuyuant voſtre Foy humblement

197 2301 793 124 Mere ie ſuis ſpirituellement.

251 2394 1020 118 Mais mon Saulueur, dé la fraternité

197 2489 1015 116 Qu'auez à moy par voſtre humnilité,

199 2580 1232 186 il'appellant ſoeur, en auez vois rien didt:

1490 348 195 155 Luc.1.

1174 2679 105 264 b
