2322 3481
34 960 154 220 TVI

83 402 1097 127 LES DIX COMMANDE.

205 500 826 114 MENSDE LALOY

383 594 513 119 DE DIEV.

73 713 923 155 Lors Dieu parla cés parolles icy

75 841 983 145 Le peuple oyant, auquel il diſt ainſi

232 957 998 145 Symeſme ſuis leSeigĩr tõ vray Dieu, Exodao

211 1058 999 137 Qui t'ay tiré d’Egipte, & du milieu

79 1156 1027 128 De la maiſon de ſeruage & deſmoy.

29 1249 1232 129 1 Tu n’auras poit d’autres dieux deuãt moy.

27 1345 1044 128 a Taillée image ou quelconque figure

79 1438 915 118 Ne te feras dés choſes de nature

90 1531 1158 128 Qui ſoit au ciel, ou au pourpris terreſtre:

85 1624 1166 128 Ou qés eaux deſſoubz terre ont leur eſtre:

87 1723 874 119 A elles point tu ne Penclineras,

79 1815 892 113 Et nullement tu ne leur ſeruiras:

79 1902 1132 124 Car le Seigneur moymeſme ton Dieu ſuis

73 1991 1091 134 Le Dieu ialoux, qui viſite & pourſuis

75 2084 944 128 Sur lés enfans dés peres la menée,

77 2177 1128 130 En la troiſiefine, & et quatrieſme lignée

75 2274 1175 129 De ceux q m’ont en hayne: ct q faiy graces

77 2363 1004 123 Entierement, iuſques en mille races.

75 2461 1113 118 A ceux, leſquelz de tous leurs ſentimens

77 2554 1128 120 M'cmẽt, et font lés miens Cõmandemẽs.

13 2643 1207 165 S En vain le Non deton Dieu le Seigneur

699 2744 139 168 f 3

1253 968 241 177 Exod.20
