2134 3487
1 354 1171 141 O Loy de Chair, homme vieil & rebelle,

1 478 999 116 Natif peché, d'ou vient nature telle,

1 567 1183 118 Que n'accordez, dont ay guerre mortelle?

0 656 1114 132 Car guerre n'eſt pire, que domeſticque.

23 784 1136 130 La Loy de Dieu eſt à l'Eſprit duiſante:

0 885 1201 122 La Loy de Chair eſt aultre, & repugnante.

11 980 1140 122 Captif * me tient, & ſubiect à tout vice:

0 1075 1219 128 Eſprit par Foy faict l'ame à Dieu plaiſante.

1 1170 915 118 Chair a peché la rend obeiſſante.

3 1265 1179 112 Qui * m'oſtera du corps, ou la mort hante?

1 1354 1189 124 Grace de Dieu par IESVS Chriſt propice.

31 1487 947 134 Car lés humains n'ont poßibilité

1 1598 818 124 Pouoir guarir ceſte fragilité:

1 1691 1065 112 De ce ie n'ay en eulx eſpoir, n'en moy.

1 1774 1047 124 Brief, le ſalut * de l’homme eſt vanité,

7 1871 971 122 Venons à Chriſt, duquel la charité

1 1966 836 112 Nous a ſauluez par liberalité

1 2055 1068 120 Du * damnement de peche, & de Loy.

61 2188 1116 139 Verbe Diuin IESVS Chriſt Saluateur.

9 2295 952 118 Vnicque filz de l'Eternel autheur

9 2390 963 120 Quant à nature, aiſné non adoptif

5 2477 1059 120 Premier, dernier, de tous inſtaurateur,

11 2560 1146 241 Eueſque, & Roy, puiſſant triumphateur.

814 2676 58 131 e

1221 929 236 171 Rom.7.

1238 1272 219 122 Romy.7.

1244 1780 240 161 Pſal.59.

1244 2053 209 126 Rom.8.
