2133 3487
906 418 884 118 Spirituel n'auroit vn ſeulement

902 517 1074 122 En tous viuantz: parquoy friuolement

891 608 1137 132 Dieu monſtreroit dés biens ſi largement

893 707 1121 127 En promettant, ce que ia n'aduiendroit.

920 879 930 76 Ie dy * viure ſpirituellement,

881 956 1112 126 Cil qui vers Dieu a mis ſon penſement,

885 1049 1071 130 Fiance, & Foy, dont vient la charité.

887 1146 1081 128 Combien que tel par natif mouuement

883 1234 1046 118 Baille à peché par fois conſentement.

883 1321 1031 129 Ne laiſſera pour ceſt empeſchement

903 1419 790 165 Son Eſperit, ne * ſa fidelité.

945 1563 992 118 Comme la nef en haulte mer menée,

877 1658 1062 124 Souuenteſfois eſt par vent deſtournée,

883 1749 1013 120 Ce nonobſtant elle vient à ſon port.

879 1842 1133 128 Et la noble ente en tronc ſauluaige entée

877 1935 1044 112 Portera fruict: combien que retardée

881 2024 998 114 Soit par iectons de ſilueſtre portée:

883 2121 1176 128 Coupper lés fault, ꝗlz ne mõtent trop fort.

956 2254 1147 128 Mais l'hõme eſt dit * viure charnellemẽt,

883 2353 1042 115 Qui à la chair ſ'adonne entierement,

867 2442 1099 126 Laiſſant du tout l'Eſprit ſon directeur:

877 2545 1039 120 Et en ce monde a tout ſon penſement,

877 2630 953 219 Ne deſirant que temporellement,

641 881 215 106 Gal.5..

654 1421 224 148 Abac.2.

643 2278 222 145 Rom.8.
