2133 3487
848 389 1099 137 Veu que nouueaulx ny anciens eſcriptz

842 501 1180 118 N'ont iamais faict ſi piteux cas entendre,

848 590 1188 122 Comme celluy, dont cõpte ie veulx rẽndre.

846 683 989 113 Le diray ie? l'oſeray ie annoncer?

840 776 1075 117 Le pourray ie ſans honte prononcer:

866 864 884 125 Helas ouy: car ma * confuſion

844 958 1101 119 Eſt pour monſtrer la grand' dilection

842 1053 1186 124 De mõ Eſpoux: parquoy ie ne fais compte

846 1146 1180 120 Pour ſon honneur de declairér ma honte.

918 1239 1123 126 O mõ Saulueur, pour moy mort crucifix,

871 1333 1076 131 Ce faict n'eſt tel que de laiſſer vn filz:

844 1429 1180 120 Ny comme enfant, ſon bon pere offenſer:

844 1526 1178 110 Ny cõme ſoeur, murmurer, & tenſer.

838 1611 1209 130 Las c'eſt bien pis: car pluſgrãde eſt l'offence.

848 1702 1064 128 Ou plus y a d'amour & cognoiſſance.

842 1805 1062 110 Plus on reçoit de ſon Dieu priuauté,

840 1896 1064 118 Plus luy faillir eſt grnad' deſloyaulté.

910 1987 1141 118 Moy qui eſtois nommée eſpouſe et femme,

834 2084 1206 116 De vous aymée comme voſtre propre ame,

840 2177 806 110 En diray ie la verité? ouy.

831 2264 888 120 Laiſſè vous ay oublié & fuy:

829 2357 1166 126 Laiſſé vous ay, pour ſuiure mon plaiſir.

836 2450 1182 124 Laiſſé vous ay, pour vn mauluais choiſir,

840 2545 1188 122 Laiſſé vous ay ſourcé de tout mon bien,

844 2636 1023 207 Laiſſé vous ay, en rompant le lien

610 871 251 107 Ezec.36.
