2133 3487
866 363 1133 163 Pour noſtre mort par * la ſienne defaire:

862 478 1234 141 Mort eſt IESVS, en ꝗ tous mortz noꝰ ſõmes

854 569 1195 147 Et en ſa mort faict viure tous ſés hommes,

862 662 899 140 Ie dy lés ſiens, qui de ſa paßion

862 761 864 132 Ont par la Foy participation.

862 854 1085 133 Car ou la mort, auant le grand myſtere

884 947 1026 135 De céſte croix, eſtoit à tous * auſtere:

858 1046 1087 131 Et n'y auoit cœur qui n'en eut frayeur:

858 1135 1019 133 En regardant ſa face & ſa rigueur,

867 1224 1056 139 Veu l’union qui eſt de l'ame au corps,

852 1317 1093 139 L'ordonnance, l'amour & lés accordz,

848 1410 942 133 Dont la douleur eſtoit du ſeparer

850 1512 1044 126 Extreme accés pour tout deſemparer:

850 1604 1228 135 Depuis ꝗl pleut au doulx Aigneau ſouffrir,

855 1687 1181 151 Deſſus la croix, & pour * nous là ſ'offrir:

850 1797 926 118 Sa grande amour a allumé vn feu

844 1884 1037 122 En noſtre cœur ſi vehement, que ieu

848 1972 1197 137 Tout bon Chreſtien doibt la mort eſtimer:

842 2067 1010 131 Außi l'un l'autre à mourir animér.

838 2163 1091 117 Et tout ainſi que paour nous retardoit:

840 2254 1155 130 Amour deſir de mort donner nous doibt.

862 2342 1081 139 Car ſi amour * eſt au cœur, ſans mentir

838 2435 946 137 Il ne ſçauroit aultre choſe ſentir.

850 2535 1159 128 Si grande ell' eſt, quelle tient tout le lieu:

842 2622 1234 198 Tout met dehors, riens n'y ſeuffre que Dieu:

616 348 272 132 2.Tim.1.

619 951 241 114 Eccli.41.

614 1677 205 102 Iſaie.53.

598 2336 245 105 2.Iehã.4.
