2134 3487
83 377 961 136 De la grace: par laquelle ie croy,

94 478 1142 130 Que ſauluerez tous ceulx, qui par la Foy

91 579 1130 118 Ont mis en vous leur fiance & confort.

89 670 1085 118 Nully fors vous, n'a accomply la Loy,

94 761 1134 126 Noſtre ouuraige eſt de ſi mauluais aloy,

98 852 1188 126 Que le meilleur eſt mauluais, ſalle & ord:

94 949 1080 126 Parquoy voyãt, que fin, riue, ne bort

100 1048 1082 110 En voſtre bien, ny en mon mal, ne voy,

96 1133 1105 122 L'impoſſible de vous louer bien fort

98 1226 1082 126 Louë en taiſant, ce que bon apperçoy.

166 1321 1167 120 Aueuglez moy de voſtre grand' lumiere,

102 1414 1148 122 Dont mon eſprit ne cognoiſt la matiere,

108 1509 1175 120 Forme ou façon cogneuë au regard ſien:

112 1604 1070 114 Mais lés effectz ſont en telle maniere,

120 1691 1222 129 Qu'au plus profond de ſa foſſe & taſniere,

127 1789 1161 121 Voit que d'elle procede tout ſon bien.

122 1879 1087 120 De la clairté, ſi, comment, & combien

124 1974 1071 120 Elle eſt grande, lors il n'y entend rien:

122 2068 1151 131 Et plus ſe rompt de ſés yeulx la bariere,

125 2163 898 117 Et plus il a de regarder moyen,

127 2254 975 119 Plus il confeſſe ſon regard terrien

129 2345 1022 121 Indigne à veoir ceſte clairté entiere.

124 2437 1168 125 Le vouloir veoir c'eſt volunté trop fiere:

133 2533 1103 120 Mais d'abſorber en ſoy ce qui eſt mien

135 2622 1206 173 Par ſés doulx raidz ie vous en fais priere,

1078 2754 160 96 f
