2134 3487
48 379 1120 122 Qui au parfaict ianais y ſceuſt attaindre:

44 474 1196 122 Si pour ieuſner, aller nudz piedz, en lange.

46 567 1186 118 Battre mon corps ainſi que bled en grange,

44 660 1144 112 Ou cent Pſaultiers à dire me contraindre,

44 751 1101 122 Ie vous pouois aſſez louer: ſans faindre

44 842 1074 116 Ie le ferois: mais ie ne puis reſtraindre

44 939 1213 128 (Ainſi qu'vn corps tiẽt en ſoy ce qu’il mẽge,

56 1034 1042 114 Voſtre vertu, nõ le bout de la frange

50 1123 1132 122 Aſſez louer: car la louenge eſt moindre,

58 1220 1087 124 Que la bonté, qui nẽ ſe mue ou change.

52 1311 1192 128 Parquoy voyant que ne puis faire eſchãge:

54 1406 1182 118 De la louẽge à vous (dont le Nom paindre

56 1499 1176 122 Nul ne ſçauroit) mieulx vault q̃ ie me rãge

54 1594 1172 116 A humblement aymer ce que doy craindre,

58 1683 1040 128 En mé taiſant, conſiderant ma fange:

58 1778 998 120 Et par taire de louenge me ceindre.

122 1871 976 120 De voz graces, de voſtre charité,

65 1970 1012 108 De tant de biens, que ie n’ay merité,

63 2051 1198 134 Le grãd mercy? vous rendre eſt impoßible.

65 2154 997 122 D'auoir crée par grand' benignité,

73 2239 1115 122 Non pour proufit, honneur, commodité

77 2330 1188 134 Noſtre ame et corps, c'eſt vn biẽ indicible.

79 2423 979 128 Puis racheter en douleur ſi paßible

83 2520 1089 126 Par honte, mort, croix, paßion penible,

100 2609 981 188 Veſte du corps de noſtre humnarite,

889 2725 67 128 3
