<?xml version="1.0" encoding="UTF-8"?>
<alto xmlns:xsi="http://www.w3.org/2001/XMLSchema-instance"
      xmlns="http://www.loc.gov/standards/alto/ns-v4#"
      xsi:schemaLocation="http://www.loc.gov/standards/alto/ns-v4# http://www.loc.gov/standards/alto/v4/alto-4-2.xsd">
  <Description>
    <MeasurementUnit>pixel</MeasurementUnit>
    <sourceImageInformation>
      <fileName>PSALMES____de_Dauid____[...]_btv1b10091180g_page-0110_2.jpg</fileName>
    </sourceImageInformation>
  </Description>
  <Tags>
    <OtherTag ID="BT7" LABEL="CustomZone" DESCRIPTION="block type CustomZone"/><OtherTag ID="BT8" LABEL="DamageZone" DESCRIPTION="block type DamageZone"/><OtherTag ID="BT9" LABEL="DigitizationArtefactZone" DESCRIPTION="block type DigitizationArtefactZone"/><OtherTag ID="BT10" LABEL="DropCapitalZone" DESCRIPTION="block type DropCapitalZone"/><OtherTag ID="BT11" LABEL="GraphicZone" DESCRIPTION="block type GraphicZone"/><OtherTag ID="BT12" LABEL="MainZone" DESCRIPTION="block type MainZone"/><OtherTag ID="BT13" LABEL="MarginTextZone" DESCRIPTION="block type MarginTextZone"/><OtherTag ID="BT14" LABEL="MusicZone" DESCRIPTION="block type MusicZone"/><OtherTag ID="BT15" LABEL="NumberingZone" DESCRIPTION="block type NumberingZone"/><OtherTag ID="BT17" LABEL="QuireMarksZone" DESCRIPTION="block type QuireMarksZone"/><OtherTag ID="BT18" LABEL="RunningTitleZone" DESCRIPTION="block type RunningTitleZone"/><OtherTag ID="BT19" LABEL="SealZone" DESCRIPTION="block type SealZone"/><OtherTag ID="BT20" LABEL="StampZone" DESCRIPTION="block type StampZone"/><OtherTag ID="BT21" LABEL="TableZone" DESCRIPTION="block type TableZone"/><OtherTag ID="BT22" LABEL="TitlePageZone" DESCRIPTION="block type TitlePageZone"/>
    <OtherTag ID="LT7" LABEL="CustomLine" DESCRIPTION="line type CustomLine"/><OtherTag ID="LT8" LABEL="DefaultLine" DESCRIPTION="line type DefaultLine"/><OtherTag ID="LT9" LABEL="DropCapitalLine" DESCRIPTION="line type DropCapitalLine"/><OtherTag ID="LT10" LABEL="HeadingLine" DESCRIPTION="line type HeadingLine"/><OtherTag ID="LT11" LABEL="InterlinearLine" DESCRIPTION="line type InterlinearLine"/><OtherTag ID="LT12" LABEL="MusicLine" DESCRIPTION="line type MusicLine"/><OtherTag ID="LT1071" LABEL="default" DESCRIPTION="line type default"/><OtherTag ID="LT1072" LABEL="default" DESCRIPTION="line type default"/>
  </Tags>
  <Layout>
    <Page WIDTH="2134"
          HEIGHT="3487"
          PHYSICAL_IMG_NR="80"
          ID="eSc_dummypage_">
      <PrintSpace HPOS="0"
                  VPOS="0"
                  WIDTH="2134"
                  HEIGHT="3487">
        <TextBlock HPOS="25"
                   VPOS="407"
                   WIDTH="1498"
                   HEIGHT="2420"
                   ID="eSc_textblock_d873ed14"
                   TAGREFS="BT12">
          <Shape><Polygon POINTS="25 407 25 2827 1523 2827 1523 407"/></Shape>
          <TextLine ID="eSc_line_374bdd27"
                    TAGREFS="LT8"
                    BASELINE="71 476 1005 472" 
                    HPOS="69"
                    VPOS="387"
                    WIDTH="936"
                    HEIGHT="120">
            <Shape><Polygon POINTS="1000 404 980 402 961 402 941 402 922 402 903 401 883 401 864 401 845 401 825 399 806 399 786 399 767 397 748 397 728 397 709 397 690 395 670 395 651 395 631 393 622 397 343 387 341 387 339 387 337 387 323 401 209 401 197 389 197 387 195 387 193 387 116 387 114 387 112 387 69 401 71 476 71 499 153 507 155 507 156 507 205 493 416 507 418 507 420 507 422 507 434 497 447 507 449 507 451 507 453 507 455 507 484 493 581 493 639 505 641 505 643 505 645 505 645 503 659 492 722 492 738 503 738 505 740 505 742 505 744 507 810 507 810 505 812 505 814 505 831 493 858 505 860 505 862 505 864 505 866 505 879 495 974 505 976 505 978 505 1005 490 1005 472 1002 404 1000 404"/></Shape>
            <String CONTENT="Qui auez faict vn facrifice tel,"
                    HPOS="69"
                    VPOS="387"
                    WIDTH="936"
                    HEIGHT="120"
                    WC="0.9409481976181269"></String>
          </TextLine>
          <TextLine ID="eSc_line_d70472e5"
                    TAGREFS="LT8"
                    BASELINE="73 569 1097 563" 
                    HPOS="71"
                    VPOS="488"
                    WIDTH="1026"
                    HEIGHT="114">
            <Shape><Polygon POINTS="73 569 73 596 391 586 412 600 414 600 416 600 418 602 465 602 465 600 467 600 511 585 533 600 534 600 536 600 538 602 705 602 705 600 707 600 759 585 784 598 786 598 788 598 790 598 829 588 858 598 860 598 862 598 864 598 866 598 891 583 947 594 949 594 1011 583 1054 598 1056 598 1058 598 1060 598 1097 579 1097 563 1091 503 1062 503 1042 488 1040 488 1038 488 910 488 909 488 907 488 856 501 823 488 821 488 819 488 817 488 815 488 792 505 752 505 721 490 719 490 645 490 643 490 641 490 639 490 639 492 624 505 490 490 488 490 401 507 354 497 352 497 261 507 230 497 228 497 226 497 71 499 73 569"/></Shape>
            <String CONTENT="Que vous meſmes en eſtes ſatisfaict,"
                    HPOS="71"
                    VPOS="488"
                    WIDTH="1026"
                    HEIGHT="114"
                    WC="0.9908185435665978"></String>
          </TextLine>
          <TextLine ID="eSc_line_349a3ebc"
                    TAGREFS="LT8"
                    BASELINE="71 660 1062 656" 
                    HPOS="69"
                    VPOS="586"
                    WIDTH="993"
                    HEIGHT="109">
            <Shape><Polygon POINTS="71 660 71 681 195 693 197 693 302 681 341 695 343 695 345 695 401 683 478 695 480 695 482 695 484 695 484 693 498 681 596 691 598 691 600 691 602 691 616 679 668 679 726 691 728 691 792 679 814 693 815 693 817 693 819 693 963 683 1058 693 1062 656 1058 592 953 586 951 586 949 586 909 598 872 586 870 586 868 586 866 586 864 586 848 600 783 600 773 590 773 588 771 588 769 588 767 588 682 598 670 588 670 586 668 586 666 586 664 586 542 596 465 588 463 588 461 588 459 588 459 590 447 602 391 602 329 588 327 588 325 588 290 602 137 602 102 588 100 588 98 588 96 588 69 598 71 660"/></Shape>
            <String CONTENT="Voz merites effacent mon meffaict."
                    HPOS="69"
                    VPOS="586"
                    WIDTH="993"
                    HEIGHT="109"
                    WC="0.9877067751744214"></String>
          </TextLine>
          <TextLine ID="eSc_line_6906f32f"
                    TAGREFS="LT8"
                    BASELINE="69 753 1108 749" 
                    HPOS="67"
                    VPOS="676"
                    WIDTH="1041"
                    HEIGHT="112">
            <Shape><Polygon POINTS="69 753 69 776 188 774 222 788 224 788 226 788 228 788 230 788 230 786 244 774 296 774 362 788 364 788 366 788 368 788 368 786 381 774 405 784 407 784 408 784 490 774 533 788 534 788 536 788 604 772 629 786 631 786 633 786 695 776 779 786 781 786 783 786 784 786 784 784 798 772 817 786 819 786 821 786 823 788 889 788 889 786 959 772 1079 786 1081 786 1083 786 1108 772 1108 749 1104 676 1067 676 1066 676 1064 676 1062 676 1040 693 936 676 934 676 932 676 885 695 833 695 810 676 808 676 806 676 804 676 726 691 703 676 701 676 699 676 614 676 612 676 610 676 564 697 424 697 403 678 401 678 399 678 397 678 395 678 354 697 147 697 100 678 98 678 96 678 94 678 67 691 69 753"/></Shape>
            <String CONTENT="Recepuéz donc prebſtre ſempiternel,"
                    HPOS="67"
                    VPOS="676"
                    WIDTH="1041"
                    HEIGHT="112"
                    WC="0.9715329938464694"></String>
          </TextLine>
          <TextLine ID="eSc_line_8f70125d"
                    TAGREFS="LT8"
                    BASELINE="71 848 1253 836" 
                    HPOS="69"
                    VPOS="763"
                    WIDTH="1184"
                    HEIGHT="126">
            <Shape><Polygon POINTS="1252 774 1252 774 1221 763 1219 763 1112 763 1110 763 1108 763 1052 776 918 767 916 767 856 778 808 767 806 767 804 767 802 767 773 778 693 771 691 771 690 771 659 780 622 769 620 769 544 769 542 769 540 769 538 769 519 780 472 769 470 769 469 769 467 769 422 782 329 771 327 771 265 784 253 774 251 774 250 774 248 774 246 774 224 784 205 772 203 772 201 772 116 772 114 772 112 772 69 786 71 848 73 889 120 869 172 869 222 887 224 887 226 887 350 867 461 885 463 885 465 885 529 865 587 883 589 883 591 883 593 883 595 883 620 865 856 881 858 881 1011 879 1013 879 1015 879 1027 869 1112 877 1114 877 1116 877 1118 877 1133 865 1205 875 1207 875 1209 875 1253 859"/></Shape>
            <String CONTENT="Cœus corps, eſprit, le tout trop imparfaictA"
                    HPOS="69"
                    VPOS="763"
                    WIDTH="1184"
                    HEIGHT="126"
                    WC="0.972445544871417"></String>
          </TextLine>
          <TextLine ID="eSc_line_c1faefac"
                    TAGREFS="LT8"
                    BASELINE="75 935 1151 939 1253 935" 
                    HPOS="73"
                    VPOS="862"
                    WIDTH="1181"
                    HEIGHT="108">
            <Shape><Polygon POINTS="1250 871 1219 873 1186 862 1184 862 1182 862 1114 877 1071 867 1069 867 1067 867 1066 867 1064 867 1050 879 949 879 936 867 934 867 932 867 930 867 870 877 825 865 823 865 821 865 781 873 767 864 765 864 763 864 761 864 721 871 709 862 707 862 705 862 703 862 701 862 699 862 680 873 645 862 643 862 513 862 511 862 509 862 507 862 486 877 428 877 387 862 385 862 383 862 381 862 319 877 75 875 75 935 73 951 131 968 133 968 135 970 186 970 186 968 188 968 189 968 209 953 242 964 244 964 246 964 310 956 325 968 327 968 329 968 331 968 333 968 374 956 631 956 672 968 674 968 676 968 759 956 792 968 794 968 796 968 1052 958 1073 968 1075 968 1077 968 1254 959"/></Shape>
            <String CONTENT="Vous monſtrant doulx, piteux, &amp; paternel.ua:"
                    HPOS="73"
                    VPOS="862"
                    WIDTH="1181"
                    HEIGHT="108"
                    WC="0.9574376168576154"></String>
          </TextLine>
          <TextLine ID="eSc_line_899590c2"
                    TAGREFS="LT8"
                    BASELINE="133 1034 1335 1032" 
                    HPOS="131"
                    VPOS="955"
                    WIDTH="1204"
                    HEIGHT="110">
            <Shape><Polygon POINTS="133 1034 133 1053 383 1063 385 1063 387 1063 412 1053 439 1063 441 1063 443 1063 445 1063 469 1053 626 1053 701 1063 703 1063 705 1063 730 1053 765 1063 767 1063 769 1063 831 1053 841 1061 841 1063 843 1063 845 1063 847 1065 982 1065 982 1063 1095 1053 1122 1063 1124 1063 1126 1063 1128 1063 1129 1063 1141 1053 1174 1063 1176 1063 1178 1063 1273 1053 1331 1063 1335 1032 1331 955 1240 955 1238 955 1236 955 1188 970 1145 955 1143 955 1141 955 1139 955 1137 955 1128 964 1093 955 1091 955 1089 955 1087 955 1085 955 1060 972 858 972 771 955 769 955 666 970 643 955 641 955 639 955 573 955 571 955 569 955 536 972 482 972 467 956 467 955 465 955 463 955 461 955 459 955 412 966 350 955 348 955 346 955 315 972 240 972 189 956 188 956 186 956 184 956 131 972 133 1034"/></Shape>
            <String CONTENT="Quand la bonté de voſtre amour recorde,"
                    HPOS="131"
                    VPOS="955"
                    WIDTH="1204"
                    HEIGHT="110"
                    WC="0.9933996960520745"></String>
          </TextLine>
          <TextLine ID="eSc_line_360bd4de"
                    TAGREFS="LT8"
                    BASELINE="79 1123 1201 1125" 
                    HPOS="77"
                    VPOS="1046"
                    WIDTH="1124"
                    HEIGHT="114">
            <Shape><Polygon POINTS="79 1123 77 1146 120 1146 135 1158 135 1160 137 1160 139 1160 141 1160 213 1146 255 1160 257 1160 259 1160 393 1150 575 1160 577 1160 579 1160 581 1160 581 1158 595 1146 724 1160 726 1160 792 1146 812 1160 814 1160 815 1160 817 1160 885 1146 914 1160 916 1160 918 1160 980 1146 1046 1158 1048 1158 1104 1146 1139 1158 1141 1158 1143 1158 1145 1158 1147 1158 1147 1156 1159 1146 1199 1146 1201 1125 1199 1069 1141 1069 1098 1048 1097 1048 1095 1048 1093 1048 1023 1067 969 1065 945 1046 943 1046 941 1046 940 1046 850 1067 798 1046 796 1046 794 1046 676 1055 523 1046 521 1046 519 1046 517 1046 488 1063 453 1046 451 1046 449 1046 447 1046 445 1046 445 1048 426 1065 360 1067 302 1067 284 1049 284 1048 282 1048 281 1048 279 1048 277 1048 222 1067 203 1057 201 1057 199 1057 197 1057 158 1067 133 1046 131 1046 129 1046 127 1046 79 1048 79 1123"/></Shape>
            <String CONTENT="Et que je voy l&#x27;abiſme obſcure &amp; orde,"
                    HPOS="77"
                    VPOS="1046"
                    WIDTH="1124"
                    HEIGHT="114"
                    WC="0.9769162316071359"></String>
          </TextLine>
          <TextLine ID="eSc_line_911a1625"
                    TAGREFS="LT8"
                    BASELINE="71 1218 1203 1214" 
                    HPOS="69"
                    VPOS="1142"
                    WIDTH="1134"
                    HEIGHT="107">
            <Shape><Polygon POINTS="71 1218 71 1237 193 1237 230 1249 232 1249 234 1249 236 1249 238 1249 255 1237 282 1249 284 1249 286 1249 354 1239 418 1249 420 1249 422 1249 424 1249 424 1247 436 1237 533 1249 534 1249 595 1237 645 1247 647 1247 705 1237 748 1247 750 1247 752 1247 753 1247 755 1247 769 1235 841 1235 858 1247 860 1247 862 1247 864 1247 1201 1237 1203 1214 1199 1158 1128 1158 1098 1142 1097 1142 1095 1142 1015 1156 856 1146 854 1146 788 1156 771 1142 769 1142 767 1142 765 1142 763 1142 724 1154 672 1142 670 1142 668 1142 666 1142 653 1154 602 1144 600 1144 598 1144 571 1158 533 1144 531 1144 529 1144 527 1144 494 1158 445 1144 443 1144 441 1144 288 1158 234 1144 232 1144 230 1144 162 1158 120 1144 118 1144 116 1144 114 1144 69 1158 71 1218"/></Shape>
            <String CONTENT="Dont le profond me veult trop rétenir:"
                    HPOS="69"
                    VPOS="1142"
                    WIDTH="1134"
                    HEIGHT="107"
                    WC="0.9747144335355514"></String>
          </TextLine>
          <TextLine ID="eSc_line_4732ca24"
                    TAGREFS="LT8"
                    BASELINE="77 1313 1188 1307" 
                    HPOS="75"
                    VPOS="1235"
                    WIDTH="1113"
                    HEIGHT="115">
            <Shape><Polygon POINTS="77 1313 77 1338 315 1334 379 1350 381 1350 383 1350 385 1350 387 1350 387 1348 405 1332 430 1342 432 1342 434 1342 436 1342 467 1334 521 1348 523 1348 525 1350 676 1350 676 1348 678 1348 707 1332 726 1342 728 1342 730 1342 732 1342 781 1330 810 1348 812 1348 814 1348 815 1348 817 1348 848 1334 895 1346 897 1346 899 1346 1015 1330 1071 1344 1073 1344 1075 1344 1077 1344 1110 1328 1186 1328 1188 1307 1184 1251 1081 1251 1066 1237 1066 1235 1064 1235 1062 1235 1060 1235 1058 1235 1015 1251 949 1251 924 1237 922 1237 920 1237 918 1237 883 1249 870 1237 870 1235 868 1235 866 1235 864 1235 796 1237 794 1237 792 1237 771 1253 666 1253 653 1241 651 1241 649 1241 647 1241 645 1241 629 1249 620 1239 620 1237 618 1237 616 1237 445 1237 443 1237 441 1237 439 1237 414 1253 352 1243 350 1243 348 1243 310 1253 75 1245 77 1313"/></Shape>
            <String CONTENT="Ie vous requier, que par miſericorde"
                    HPOS="75"
                    VPOS="1235"
                    WIDTH="1113"
                    HEIGHT="115"
                    WC="0.9945105347368453"></String>
          </TextLine>
          <TextLine ID="eSc_line_bbb704a7"
                    TAGREFS="LT8"
                    BASELINE="75 1404 1155 1404 1193 1402" 
                    HPOS="73"
                    VPOS="1326"
                    WIDTH="1122"
                    HEIGHT="107">
            <Shape><Polygon POINTS="1191 1333 1093 1326 1091 1326 1089 1326 1087 1326 1064 1342 996 1342 951 1326 949 1326 947 1326 945 1326 943 1326 922 1340 839 1328 837 1328 835 1328 833 1328 819 1338 804 1326 802 1326 800 1326 798 1326 796 1326 752 1342 705 1328 703 1328 701 1328 455 1342 426 1328 424 1328 422 1328 420 1328 385 1342 337 1328 335 1328 333 1328 331 1328 329 1328 308 1342 205 1330 203 1330 201 1330 199 1330 188 1340 102 1332 100 1332 98 1332 73 1342 75 1404 75 1429 761 1433 763 1433 765 1433 812 1421 963 1431 965 1431 967 1431 998 1421 1195 1430"/></Shape>
            <String CONTENT="Vous me iettiez vne bien longue corde, iiu at!"
                    HPOS="73"
                    VPOS="1326"
                    WIDTH="1122"
                    HEIGHT="107"
                    WC="0.9270501110864722"></String>
          </TextLine>
          <TextLine ID="eSc_line_c85b2033"
                    TAGREFS="LT8"
                    BASELINE="73 1497 1153 1495" 
                    HPOS="71"
                    VPOS="1425"
                    WIDTH="1082"
                    HEIGHT="103">
            <Shape><Polygon POINTS="73 1497 73 1522 455 1516 480 1526 482 1526 484 1528 668 1528 668 1526 736 1516 748 1526 750 1526 752 1526 753 1528 899 1528 899 1526 901 1526 903 1526 903 1524 912 1516 1009 1516 1087 1526 1089 1526 1151 1514 1153 1495 1149 1439 1004 1439 992 1427 992 1425 990 1425 988 1425 986 1425 984 1425 959 1435 738 1425 736 1425 734 1425 732 1425 717 1437 624 1427 622 1427 620 1427 618 1427 602 1437 569 1425 567 1425 565 1425 564 1425 562 1425 544 1437 511 1425 509 1425 507 1425 389 1437 354 1425 352 1425 350 1425 288 1437 98 1425 96 1425 94 1425 71 1435 73 1497"/></Shape>
            <String CONTENT="Pour me tirer ou ie me veulx tenir"
                    HPOS="71"
                    VPOS="1425"
                    WIDTH="1082"
                    HEIGHT="103"
                    WC="0.9773620121619281"></String>
          </TextLine>
          <TextLine ID="eSc_line_301ca8e4"
                    TAGREFS="LT8"
                    BASELINE="73 1588 1193 1583" 
                    HPOS="71"
                    VPOS="1507"
                    WIDTH="1123"
                    HEIGHT="124">
            <Shape><Polygon POINTS="1193 1515 1186 1509 1186 1507 1184 1507 1182 1507 1110 1507 1108 1507 1106 1507 1104 1507 1079 1524 986 1524 947 1509 945 1509 943 1509 941 1509 940 1509 940 1511 922 1526 792 1526 748 1509 746 1509 744 1509 742 1509 719 1518 659 1509 657 1509 655 1509 653 1509 627 1526 523 1526 505 1511 503 1511 502 1511 387 1511 385 1511 199 1526 162 1511 160 1511 158 1511 156 1511 155 1511 139 1524 85 1512 83 1512 81 1512 79 1512 79 1514 71 1520 73 1588 73 1627 147 1617 348 1631 350 1631 562 1615 662 1615 680 1629 682 1629 684 1629 686 1631 769 1631 769 1629 771 1629 773 1629 773 1627 786 1615 815 1629 817 1629 819 1629 1066 1617 1126 1627 1128 1627 1129 1627 1164 1613 1194 1613"/></Shape>
            <String CONTENT="Helas mon Dieu vueillez vous ſouuenir ̀bi"
                    HPOS="71"
                    VPOS="1507"
                    WIDTH="1123"
                    HEIGHT="124"
                    WC="0.9548284080697269"></String>
          </TextLine>
          <TextLine ID="eSc_line_26270a6a"
                    TAGREFS="LT8"
                    BASELINE="85 1685 1085 1683" 
                    HPOS="83"
                    VPOS="1617"
                    WIDTH="1002"
                    HEIGHT="103">
            <Shape><Polygon POINTS="85 1685 85 1706 131 1718 133 1720 178 1720 178 1718 180 1718 182 1718 197 1704 236 1718 238 1718 240 1720 412 1720 412 1718 414 1718 416 1718 436 1702 472 1702 500 1718 502 1718 503 1718 505 1718 507 1718 509 1718 533 1702 645 1712 647 1712 707 1702 722 1716 722 1718 724 1718 726 1718 728 1720 796 1720 796 1718 874 1702 941 1716 943 1716 945 1716 947 1716 961 1702 1083 1700 1085 1683 1079 1617 83 1619 85 1685"/></Shape>
            <String CONTENT="Que vous auez en terre faict venir"
                    HPOS="83"
                    VPOS="1617"
                    WIDTH="1002"
                    HEIGHT="103"
                    WC="0.9769573211669922"></String>
          </TextLine>
          <TextLine ID="eSc_line_598564a9"
                    TAGREFS="LT8"
                    BASELINE="81 1774 1269 1772" 
                    HPOS="79"
                    VPOS="1700"
                    WIDTH="1190"
                    HEIGHT="111">
            <Shape><Polygon POINTS="81 1774 81 1797 118 1797 133 1809 133 1811 135 1811 137 1811 139 1811 232 1797 261 1811 263 1811 265 1811 346 1801 407 1811 408 1811 410 1811 412 1811 430 1797 463 1797 577 1811 579 1811 581 1811 583 1811 583 1809 595 1797 624 1809 626 1809 627 1809 629 1809 660 1797 688 1811 690 1811 691 1811 693 1811 730 1799 753 1811 755 1811 757 1811 854 1797 912 1807 914 1807 1031 1797 1050 1809 1052 1809 1054 1809 1056 1809 1110 1801 1141 1811 1143 1811 1145 1811 1147 1811 1180 1797 1267 1797 1269 1772 1265 1722 1201 1722 1176 1700 1174 1700 1172 1700 1170 1700 1031 1714 1009 1700 1007 1700 1005 1700 1004 1700 1002 1700 1000 1700 974 1722 864 1722 850 1708 850 1706 848 1706 847 1706 845 1706 843 1706 814 1720 705 1718 670 1700 668 1700 666 1700 478 1720 459 1702 459 1700 457 1700 455 1700 302 1700 300 1700 298 1700 251 1720 220 1700 219 1700 217 1700 215 1700 153 1714 122 1700 120 1700 118 1700 116 1700 79 1714 81 1774"/></Shape>
            <String CONTENT="Voſtre ſeul filz, qui à vous nous accorde:"
                    HPOS="79"
                    VPOS="1700"
                    WIDTH="1190"
                    HEIGHT="111"
                    WC="0.9820351877877879"></String>
          </TextLine>
          <TextLine ID="eSc_line_14a35b6b"
                    TAGREFS="LT8"
                    BASELINE="81 1871 1335 1869" 
                    HPOS="79"
                    VPOS="1797"
                    WIDTH="1256"
                    HEIGHT="107">
            <Shape><Polygon POINTS="81 1871 81 1894 410 1902 412 1902 521 1892 536 1902 538 1902 540 1902 542 1902 544 1902 546 1902 558 1894 567 1902 569 1902 571 1902 573 1904 691 1904 691 1902 738 1892 771 1902 773 1902 775 1902 833 1892 845 1902 847 1902 848 1902 850 1904 1000 1904 1000 1902 1161 1892 1255 1902 1257 1902 1259 1902 1294 1892 1329 1902 1335 1869 1333 1813 1312 1801 1310 1801 1308 1801 1238 1809 1221 1797 1219 1797 1217 1797 1215 1797 1120 1811 992 1799 990 1799 988 1799 986 1799 969 1813 914 1813 891 1797 889 1797 887 1797 885 1797 821 1813 653 1813 641 1801 639 1801 637 1801 635 1801 633 1801 618 1809 606 1797 604 1797 602 1797 600 1797 598 1797 564 1811 533 1801 531 1801 529 1801 527 1801 503 1811 492 1799 492 1797 490 1797 488 1797 486 1797 418 1811 350 1797 308 1797 306 1797 304 1797 302 1797 284 1811 244 1797 242 1797 240 1797 238 1797 197 1813 155 1813 131 1797 129 1797 127 1797 125 1797 79 1803 81 1871"/></Shape>
            <String CONTENT="Sans luy à yous Seigneur, nul ne concorde:"
                    HPOS="79"
                    VPOS="1797"
                    WIDTH="1256"
                    HEIGHT="107"
                    WC="0.9840710426485816"></String>
          </TextLine>
          <TextLine ID="eSc_line_f1b29244"
                    TAGREFS="LT8"
                    BASELINE="89 1964 1244 1962" 
                    HPOS="87"
                    VPOS="1890"
                    WIDTH="1157"
                    HEIGHT="107">
            <Shape><Polygon POINTS="89 1964 89 1991 215 1985 265 1995 267 1995 269 1995 294 1983 317 1995 319 1995 321 1995 323 1995 362 1983 374 1993 374 1995 376 1995 377 1995 379 1997 430 1997 430 1995 432 1995 434 1995 434 1993 445 1983 511 1983 567 1995 569 1995 637 1985 752 1995 753 1995 755 1995 757 1995 773 1983 788 1995 790 1995 792 1995 794 1997 899 1997 899 1995 901 1995 936 1983 994 1995 996 1995 998 1995 1038 1983 1164 1983 1199 1995 1201 1995 1203 1995 1205 1995 1244 1981 1244 1962 1238 1892 1027 1902 992 1890 990 1890 988 1890 986 1890 963 1902 885 1890 883 1890 881 1890 879 1890 866 1904 777 1904 755 1890 753 1890 752 1890 620 1890 618 1890 616 1890 589 1904 502 1904 474 1890 472 1890 470 1890 469 1890 467 1890 445 1904 346 1904 313 1890 312 1890 310 1890 308 1890 269 1902 209 1890 207 1890 205 1890 156 1902 139 1890 137 1890 135 1890 133 1890 87 1890 89 1964"/></Shape>
            <String CONTENT="Mais puis qu’homne luy a pleu deuenir,"
                    HPOS="87"
                    VPOS="1890"
                    WIDTH="1157"
                    HEIGHT="107"
                    WC="0.9642696819807354"></String>
          </TextLine>
          <TextLine ID="eSc_line_d0d10ff2"
                    TAGREFS="LT8"
                    BASELINE="75 2053 1306 2057" 
                    HPOS="73"
                    VPOS="1983"
                    WIDTH="1233"
                    HEIGHT="105">
            <Shape><Polygon POINTS="73 2072 186 2086 188 2088 507 2088 507 2086 626 2074 724 2088 726 2088 878 2076 1302 2080 1306 2057 1304 1989 1155 1997 1085 1987 1083 1987 1021 2001 988 1987 986 1987 984 1987 982 1987 936 2003 831 2003 815 1989 815 1987 814 1987 812 1987 810 1987 750 1999 676 1985 674 1985 602 1999 478 1989 476 1989 422 1999 362 1985 360 1985 358 1985 356 1985 337 2001 135 2001 77 1983 75 2053 73 2072"/></Shape>
            <String CONTENT="Donné nous a par mort, paix &amp; concorde,"
                    HPOS="73"
                    VPOS="1983"
                    WIDTH="1233"
                    HEIGHT="105"
                    WC="0.9967748552560807"></String>
          </TextLine>
          <TextLine ID="eSc_line_da768458"
                    TAGREFS="LT8"
                    BASELINE="73 2150 1075 2148" 
                    HPOS="71"
                    VPOS="2068"
                    WIDTH="1004"
                    HEIGHT="119">
            <Shape><Polygon POINTS="73 2150 75 2185 104 2175 230 2185 232 2185 234 2185 236 2185 257 2171 459 2185 461 2187 579 2187 579 2185 581 2185 583 2185 602 2171 622 2185 624 2185 626 2185 627 2187 761 2187 761 2185 763 2185 765 2185 786 2171 860 2185 862 2185 864 2185 866 2185 889 2171 1002 2171 1031 2183 1033 2183 1035 2183 1036 2183 1075 2169 1075 2148 1071 2092 1019 2092 990 2068 988 2068 986 2068 984 2068 982 2068 941 2088 833 2068 831 2068 829 2068 757 2090 719 2068 717 2068 546 2068 544 2068 542 2068 467 2090 432 2076 430 2076 428 2076 426 2076 401 2090 319 2090 248 2068 246 2068 244 2068 242 2068 168 2088 85 2076 83 2076 81 2076 79 2076 79 2078 77 2078 71 2082 73 2150"/></Shape>
            <String CONTENT="Le teſtament eſt ſcelé ſans diſcorde,"
                    HPOS="71"
                    VPOS="2068"
                    WIDTH="1004"
                    HEIGHT="119"
                    WC="0.9976756729577717"></String>
          </TextLine>
          <TextLine ID="eSc_line_6ad0da85"
                    TAGREFS="LT8"
                    BASELINE="91 2245 1149 2241" 
                    HPOS="89"
                    VPOS="2169"
                    WIDTH="1060"
                    HEIGHT="107">
            <Shape><Polygon POINTS="91 2245 91 2274 366 2264 602 2276 604 2276 721 2262 837 2272 839 2272 982 2262 1009 2274 1011 2274 1013 2274 1015 2274 1038 2262 1114 2274 1116 2274 1118 2274 1149 2260 1149 2241 1147 2185 1118 2173 1116 2173 1114 2173 1112 2173 1093 2183 1073 2169 1071 2169 1069 2169 1036 2169 1035 2169 1033 2169 1031 2169 1031 2171 1017 2183 943 2183 932 2171 932 2169 930 2169 928 2169 926 2169 823 2179 763 2169 761 2169 759 2169 757 2169 757 2171 748 2179 709 2169 707 2169 705 2169 614 2187 531 2187 511 2171 509 2171 507 2171 505 2171 397 2187 199 2187 180 2171 178 2171 176 2171 174 2171 89 2181 91 2245"/></Shape>
            <String CONTENT="Que vous auez promis de maintenir:"
                    HPOS="89"
                    VPOS="2169"
                    WIDTH="1060"
                    HEIGHT="107"
                    WC="0.9797286461381352"></String>
          </TextLine>
          <TextLine ID="eSc_line_01e55bfd"
                    TAGREFS="LT8"
                    BASELINE="75 2338 1077 2330" 
                    HPOS="73"
                    VPOS="2256"
                    WIDTH="1004"
                    HEIGHT="115">
            <Shape><Polygon POINTS="75 2338 75 2357 156 2371 158 2371 323 2355 372 2369 374 2369 376 2371 500 2371 500 2369 502 2369 540 2355 569 2369 571 2369 573 2369 705 2355 808 2367 810 2367 812 2367 814 2367 833 2353 860 2365 862 2365 864 2365 1075 2351 1077 2330 1073 2272 934 2272 889 2256 887 2256 885 2256 883 2256 856 2270 827 2256 825 2256 823 2256 821 2256 775 2272 734 2258 732 2258 730 2258 728 2258 726 2258 726 2260 711 2274 602 2274 575 2258 573 2258 571 2258 569 2258 540 2274 439 2264 438 2264 366 2274 335 2260 333 2260 331 2260 329 2260 298 2274 273 2262 271 2262 269 2262 182 2272 147 2262 145 2262 143 2262 73 2278 75 2338"/></Shape>
            <String CONTENT="Ainſi le croy, &amp; le veulx ſouſtenir."
                    HPOS="73"
                    VPOS="2256"
                    WIDTH="1004"
                    HEIGHT="115"
                    WC="0.9404057777590222"></String>
          </TextLine>
          <TextLine ID="eSc_line_c0319f72"
                    TAGREFS="LT8"
                    BASELINE="79 2431 1290 2425" 
                    HPOS="77"
                    VPOS="2349"
                    WIDTH="1213"
                    HEIGHT="119">
            <Shape><Polygon POINTS="79 2431 79 2452 168 2468 170 2468 172 2468 174 2468 195 2454 215 2468 217 2468 219 2468 220 2468 222 2468 224 2468 224 2466 234 2458 403 2468 405 2468 463 2456 496 2464 498 2464 500 2464 502 2464 503 2464 523 2452 620 2462 622 2462 722 2452 757 2466 759 2466 761 2466 860 2452 878 2466 879 2466 881 2466 883 2466 885 2466 936 2450 978 2464 980 2464 982 2464 984 2464 1023 2450 1097 2464 1098 2464 1195 2450 1288 2462 1290 2425 1288 2367 1223 2349 1221 2349 1219 2349 1217 2349 1180 2361 1066 2349 1064 2349 1062 2349 1060 2349 1040 2367 1002 2367 988 2353 986 2353 984 2353 982 2353 980 2353 978 2353 978 2355 967 2367 922 2367 887 2349 885 2349 883 2349 792 2369 705 2369 653 2351 651 2351 649 2351 534 2367 438 2353 436 2353 434 2353 432 2353 412 2371 339 2371 319 2353 317 2353 315 2353 230 2353 228 2353 226 2353 224 2353 224 2355 207 2371 137 2371 114 2355 112 2355 110 2355 108 2355 106 2355 77 2369 79 2431"/></Shape>
            <String CONTENT="Or chaſſez donc Peché, qu’il ne me morde:"
                    HPOS="77"
                    VPOS="2349"
                    WIDTH="1213"
                    HEIGHT="119"
                    WC="0.9911377543494815"></String>
          </TextLine>
          <TextLine ID="eSc_line_02ded852"
                    TAGREFS="LT8"
                    BASELINE="79 2524 1002 2516" 
                    HPOS="77"
                    VPOS="2446"
                    WIDTH="925"
                    HEIGHT="101">
            <Shape><Polygon POINTS="79 2524 79 2545 998 2547 1002 2516 998 2456 928 2446 926 2446 924 2446 922 2446 901 2460 839 2460 804 2446 802 2446 800 2446 798 2446 765 2460 748 2448 746 2448 744 2448 649 2448 647 2448 645 2448 643 2448 643 2450 631 2460 536 2450 534 2450 533 2450 503 2462 439 2452 438 2452 436 2452 434 2452 434 2454 424 2464 226 2464 203 2452 201 2452 199 2452 197 2452 164 2462 77 2454 79 2524"/></Shape>
            <String CONTENT="Et ie viuray en Foy de l&#x27;aduenir,"
                    HPOS="77"
                    VPOS="2446"
                    WIDTH="925"
                    HEIGHT="101"
                    WC="0.9782649784377127"></String>
          </TextLine>
          <TextLine ID="eSc_line_bb568de6"
                    TAGREFS="LT8"
                    BASELINE="81 2615 1213 2615" 
                    HPOS="81"
                    VPOS="2537"
                    WIDTH="1132"
                    HEIGHT="116">
            <Shape><Polygon POINTS="81 2615 81 2638 106 2650 108 2650 110 2650 170 2638 197 2652 199 2652 201 2652 302 2638 358 2652 360 2652 362 2652 492 2638 542 2650 544 2650 546 2650 620 2638 660 2652 662 2652 664 2653 794 2653 794 2652 796 2652 798 2652 798 2650 808 2642 874 2652 876 2652 878 2652 879 2652 897 2638 1002 2638 1019 2652 1021 2652 1023 2652 1025 2652 1027 2652 1060 2640 1085 2652 1087 2652 1089 2652 1091 2652 1126 2642 1211 2650 1213 2615 1213 2553 1164 2537 1162 2537 1161 2537 941 2553 926 2539 926 2537 924 2537 922 2537 920 2537 918 2537 864 2551 845 2537 843 2537 841 2537 726 2537 724 2537 722 2537 721 2537 709 2547 664 2537 662 2537 660 2537 622 2553 467 2553 441 2539 439 2539 438 2539 436 2539 389 2553 116 2541 114 2541 112 2541 81 2553 81 2615"/></Shape>
            <String CONTENT="Sans que mon cœur conſcience remorde."
                    HPOS="81"
                    VPOS="2537"
                    WIDTH="1132"
                    HEIGHT="116"
                    WC="0.9820921340504208"></String>
          </TextLine>
          <TextLine ID="eSc_line_5f19a4a6"
                    TAGREFS="LT8"
                    BASELINE="77 2710 1170 2706" 
                    HPOS="75"
                    VPOS="2632"
                    WIDTH="1095"
                    HEIGHT="171">
            <Shape><Polygon POINTS="77 2710 79 2795 122 2779 269 2779 288 2793 290 2793 292 2793 294 2793 296 2793 317 2783 350 2801 352 2801 354 2803 412 2803 412 2801 414 2801 416 2801 416 2799 428 2789 451 2795 453 2795 455 2795 457 2795 494 2781 531 2799 533 2799 595 2801 596 2801 598 2801 600 2801 626 2783 643 2795 645 2795 647 2795 649 2795 651 2795 653 2795 682 2777 740 2777 777 2799 779 2799 781 2799 783 2801 1033 2801 1033 2799 1035 2799 1071 2789 1108 2797 1110 2797 1112 2797 1170 2776 1170 2706 1166 2650 1066 2636 1064 2636 1062 2636 1029 2648 998 2632 996 2632 930 2632 928 2632 926 2632 924 2632 901 2648 821 2634 819 2634 817 2634 775 2648 742 2638 740 2638 738 2638 647 2648 626 2632 624 2632 622 2632 620 2632 531 2652 472 2652 457 2636 457 2634 455 2634 453 2634 451 2634 350 2650 298 2634 296 2634 294 2634 236 2644 209 2634 207 2634 205 2634 203 2634 201 2634 180 2648 166 2636 166 2634 164 2634 162 2634 160 2634 158 2634 156 2634 139 2646 122 2634 120 2634 118 2634 116 2634 114 2634 75 2650 77 2710"/></Shape>
            <String CONTENT="D&#x27;auoir garde voſtre comnandement,"
                    HPOS="75"
                    VPOS="2632"
                    WIDTH="1095"
                    HEIGHT="171"
                    WC="0.9777012362199671"></String>
          </TextLine>
        </TextBlock>
      </PrintSpace>
    </Page>
  </Layout>
</alto>
