2133 3487
950 305 1174 148 Et qu'encores par voz bõs preſcheurs faites

955 426 962 116 En la croyant, deſirant fermement

953 517 1007 120 De l'accomplir du tout entierement,

957 612 1065 124 Que par amour ie vous ay engendré:

953 705 1158 124 Dont ſans crainte nom de mere prendray.

958 796 1062 124 Meve de Dieu doulce Vierge Marie,

957 889 972 122 Ne ſoyez pas de ce tiltre marrie.

958 982 954 116 Nullarrecin ne fais, ne ſacrilege:

958 1079 1058 120 Riens ne pretens ſur voſtre priuilege.

960 1173 1043 119 Car vous ſeule auez ſur toute femme

949 1261 1184 127 Receu de luy l'hõneur * ſi grand, ma Dam◊

962 1361 1163 120 Que nul eſprit de ſoy ne pœut comprendre

962 1452 1165 124 Cõme a voulu en vous noſtre chair prẽdre

1034 1547 1015 120 Mere & Vierge eſtes parfaictement

951 1640 988 115 Auant, aprés & en l'enfantement.

939 1729 1073 122 En voſtre ſainct ventre l'auez porté,

958 1824 944 119 Nourry, ſeruy allaicté, conforté.

957 1919 802 117 Suyui auez ſes predications,

908 2008 1008 130 L'accompaignant en tribulations,

957 2101 1166 122 Brief, vous auez de Dieu * trouué la grace

955 2198 1044 120 Que l'ennemy par malice & fallace

955 2293 1046 114 Auoit du tout faict perdre en verité.

964 2384 959 118 Au paoure Adam & ſa poſterité.

1040 2477 1083 122 Par Eue et luy, * nous l'auiõs tous perdu

972 2568 1006 215 Par voſtre filz elle nous eſt * rendue.

709 1136 183 177 Luc.1.

720 2010 180 137 Luc.1.

712 2438 219 103 Rom.5.

714 2545 219 163 Iehan.1.
