1088 1736
47 138 694 57 des femmes? veu que iamais femme n’a vendu ne

45 186 696 60 trahy Ieſus, mais vn hõme nõme Iudas. Qui ſõt

46 238 695 58 ceux là ie vous prie, qui ont tant inuenté & cõ

45 284 698 59 trouue de ceremonies, hereſies, & faulſes do¬

46 332 695 60 ctrines ſus la terre, finon lés hõmes? & lés pao

46 380 697 61 ures femmes par eulx ont eſté ſeduictes. Iamais

48 432 698 66 femme n’a eſte trouuee faulx prophete, ouy bien

53 484 692 57 p iceux trõpee(cõbien q̃ ie ne veulx p cecy excu

51 527 692 62 ſer la trop plus grãde q̃ malice d’aulcũes femes,

48 577 696 60 oultrepaßans les termes de meſure ) mais außi

49 628 695 57 d'en vouloir touſiours faire vne reigle generale

53 676 692 58 ſans nulle exceptiõ, il n’y a point de raiſon, cõe

49 722 698 63 lon faict iournellemẽt: et pricipallemẽt Fauſte ce

49 772 695 61 moqueur, en ſes Bucoliques: leſqlles voyãt, cer.

49 822 695 57 tes ne me puis taire, veu q̃lles ſont plus recõmã¬

50 866 692 63 dees et vſitées dés hõmes, que l’Euãgile de Ieſus,

50 914 694 59 leq̃l nous eſt deffendu, et iceluy fableur eſt aux

51 963 692 67 eſcholes pour bõ tenu. Si Dieu dõcq̃s a faict gra

51 1014 691 60 ccs à aulcunes bõnes femmes, leur reuelãt par ſés

54 1059 687 65 ſaictes eſcriptures, q̃lque choſe ſaicte et bõne: ne

52 1111 688 58 l'oſerõt elles eſcrire, dire, ou declairer lés vnes

51 1160 693 58 aux aultres, pour lés calũniateurs de verité? A, ce

56 1205 684 66 ſeroit trop hardiemẽt fait lés vouloir ẽpeſcher:

54 1255 687 64 et à nous faict trop fllement de cacher le talẽt q̃

54 1305 692 73 dieu nous a dõne: q nous doit grace de pſeuerer

54 1359 316 68 iuſqs à la fin. Amen.

521 1351 219 71 5 L’Epi¬
