1088 1736
100 142 686 62 tre le filz, la mere contre la fille l'vn au champ

103 192 684 63 prins & l’aultre delaiſſe, l'vn au moulin prins

101 243 687 57 & l'aultre delaiſſe, l'vn au lict prins & l’aultre

100 292 688 58 delaiſſe, & tant de ſectes par tout pulluller et re

103 339 686 61 gner. Car certes c’eſt alors que le filz de l’hõme

103 388 685 60 viendra en grãde vertu et puiſſance, pour ren¬

101 434 687 64 dre à vnchaſcũ ſelõ ſon loyer. Appellant lés eſ¬

99 485 689 61 leuz de ſon pere au royaume, qui leur eſt pre¬

101 536 688 60 paré dés le cõmencement du mõde. Soyes donc¬

101 584 687 59 ques veillãtz et preſtz en tribulation: car certes

101 631 684 62 ſerez hays de tout le monde à l’occaſiõ de moy,

100 684 684 55 menez deuant roys, princes, & ſeigneurs pour

98 732 656 57 mon Nom, rendans teſmoignage de la verité.

99 779 689 59 Et ſi en mettront pluſieurs de vous à mort, pen

101 826 685 63 ſans faire grand ſacrifice à Dieu. Car pour

99 874 689 62 lés esleuz les iours ſeront abbregez. Ie le vous

100 923 688 63 ay predict, ſ'ilz m’ont perſecuté, außi vous

100 974 688 61 perſecuteront ilz: le ſeruiteur n’est pas plus

103 1022 686 62 grand que ſon ſeigneur: mais ayez lieſſe & ex

99 1069 688 61 ultation : car vous eſtes bienheureux quand les

100 1120 688 58 hommes auront meſdict de vous à l'occaſion de

99 1171 689 55 moy. Prenez bõ courage, car i'ay vaicu le mon

100 1216 683 61 de, vous le vaincrez Soyez dõc ſur voſtre gar

99 1270 686 58 de et veillez affin que l'aduer ſaire ne vous trou

101 1313 685 80 que endormis, rien ne m'eſt aduenu q n’oye eſté

676 1365 103 76 predici
