1088 1736
299 89 682 65 latres außi l'ont eu à leur grande confuſion &

300 140 679 61 ſeruitude extreme. Ilz n’ont congneu la grande

299 187 680 61 benediction que Dieu leur auoit faicte leur bail

306 237 672 65 lant ce bon prophete Samuel : lequel reiectans,

299 288 680 57 ont reiecté Dieu et non le prophete. Außi nous

299 335 682 66 eſtans ingratz, ne con gnoiſſans la grande gra¬

298 387 685 57 ce que noſtre Dieu nous auoit faicte, nous reue

298 434 685 59 lant ſon propos immuable, ſon ſainct Euãgile,

300 488 680 54 qui n'est pas par ſacrifices & ceremonies exter

302 528 680 63 nes, l’auõs delaißé: lequel doulcement debuions

307 581 676 59 receuoir, & il euſt mis ſa main forte ſur noz en

301 631 682 55 nemis pour neant. Mais pource que l’auons de¬

302 677 682 60 laiſſe, il ncuis a laiſſé cercher ſalut & vie en au

300 727 686 59 tre que en ſon filz leſus : qui nous eſtoit donné

305 779 678 60 pour nous purger & nettoyer de tous noz pe¬

309 826 673 60 chez par ſon ſang, ſans que l'eußions deſcruy

309 870 677 63 ne merité. Ce nonobſtant de rechef ce bon Dieu

303 922 684 57 est prest de nous retirer, receuoir & pardon¬

303 969 682 62 ner pour l’amour de ſon filz. Car il est impoßi

303 1021 686 59 ble que par autre moyen que par Ieſus, les pe¬

307 1069 679 60 chez ſoyent pardonnez, ne qu’on puiſſe venir

308 1119 683 56 au pere que par luy. Veu qu’il est le chemin, la

316 1170 667 53 voye, la verité & la vie, le ſeul mediateur &

308 1212 678 56 aduocat entre Dieu & lés hommes, la ſeule por

302 1260 686 96 te de vie, la ſeule hoſtie qui'a eſté prefgurée

185 235 110 64 LRoy

185 574 117 50 Plal.8.

185 784 115 59 L.Pier.1.

189 831 113 45 Rom.4.

190 866 97 38 Tite 3.

188 891 111 63 Gala. 2.

190 1103 115 49 Ieha.4.

186 1164 117 67 Aatimaa.

189 1213 114 45 1.Ieh. 2.

190 1247 101 48 Heb.7.

193 1278 76 58 &9.

931 1321 54 65 par
