1088 1736
59 49 684 85 par lés ceremonies & ſacrifices leuitiques, qui

59 104 685 78 ont eſté baillez aux enfans d'Iſraël : mais puis

60 151 685 81 que Ieſus eſt venu, cés vmbres & figures ſont

59 201 689 75 paßées, l’eſperit baillé, lés choſes charnelles paſ

59 249 687 76 ſées, et la lettre morte, l'eſperit viuifié. Et ne fault

53 296 690 78 poĩt à preſẽt qu’on ſerue à dieu en ſeruitude ce¬

52 351 688 69 remonialle, charnelle, ne viſible, mais en liberté

51 396 688 75 d’eſperit. Car noſtre Dieu n'eſt point charnel

46 447 689 72 ne viſible, mais eſperit: außi demande il eſtre

43 490 684 85 adoré & ſerui en eſperit & verité. En quoy

44 545 688 74 ſont grandement à reprendre tous ceux qui en¬

41 598 688 66 core nous retournent en ſeruitude de ceremo¬

38 647 688 66 nies externes par leſquelles ont eſteinct & an¬

36 691 689 70 nichile la vraye lumiere euangelique, attribuant

35 741 688 72 aux choſes externes ce que tant ſeulement ap¬

33 790 695 68 partient à noſtre ſauueur IESVS: lequel a¬

33 836 680 79 prés qu’il a eſté mort pour noz pechez, &

34 886 685 74 reſuſcité pour noſtre iuſtification, eſt monté

28 931 680 71 ẽs cieulx viſiblement & manifeſtement: & ſe

30 981 682 77 ſied à la dextre de ſon pere, iuſque à ce qu’il

29 1033 683 72 vienne iuger lés vifz et lés mortz. Cecy nous a

27 1084 683 67 esté donné à entendre, que par le bapteſme ex¬

21 1135 688 67 terieur & viſible lon aye vne vraye & viue

25 1178 681 75 foy, que lés pechez ſont pardonnez, & grace

25 1235 682 83 & iuſtice eſt donnée. Combien que cecy ne

755 70 111 52 Leu.14

760 112 113 51 Nõ.29.

752 185 114 60 marc.15.

749 311 108 53 Galat.5.

751 352 108 52 Colo.2.

739 515 114 69 Iehan 4.

726 849 111 50 Rom.4.

721 934 116 43 mare.16.

720 966 85 52 Act̃.1.

617 1293 83 80 puiſſe
