1088 1736
353 77 689 76 puiſſe aduenir ſinõ par le ſeul ſauueur Ieſus, par

355 124 686 77 l'agneau ſans macule, qui oſte lés pechez du mõ

355 168 688 80 de, moyenant qu'il plaiſe au pere par ſon ſainct

356 221 687 75 eſperit nous tirer et inſerer à iceluy Ieſus christ

361 268 685 80 ſon filz. Et außi n'a il pas ſuffit à la meſchance¬

357 321 688 68 te dés hõmes attribuer & bailler ainſi l'hõneur

361 367 689 78 qui appartiẽt à Ieſus Christ, aux choſes viſibles,

363 415 689 75 leſquelles ſont ordonnées de Dieu: mais außi

365 467 689 72 aux choſes ordonnées & inuẽtées dés hommes,

368 515 687 74 ſans auctorité d’eſcripture. Comme ſont voya¬

369 566 688 73 ges, argent donné pour indulgences et pardons,

370 616 686 66 & à tout plein d’autres meſchantes ydolatries,

376 662 676 68 q lés hões ont trouué, erigé, et inuenté par leurs

370 707 688 74 bõnes intentions, ou pluſtost pour piller et deſ¬

370 759 690 71 rober le paoure peuple, contre la ſaincte parol¬

370 805 689 73 Ie de Dieu. Tellement que toute la terre en eſt

373 853 689 73 remplie: & ſi Dieu n'y mettoit la main, ne ſe¬

377 906 686 68 roit à la puiſſance humaine l'extirper & arra¬

376 951 685 79 cher. Mais ie vous prie, qui ſeroit celuy q pour

379 1003 687 72 roit aſſez & ſuffiſamment dire, eſcrire, & ex¬

381 1049 687 79 primer le grãd blaſphene et iniure qu’on faict

380 1098 687 77 à noſtre Seigneur, à ſa treſſaicte mort, à ſon pre

381 1148 688 76 cieux ſang, qu’il a eſpandu pour nous: quand

389 1193 674 75 au lieu du voluntaire ſacrifice, qu'il a faict &

387 1244 674 85 offert vne fois pour nous: on vient de reche,

269 1206 114 81 Pebci.

996 1303 50 58 tou
