1088 1736
54 111 681 56 iournellement offrir vne choſe viſible & ſans

51 160 681 59 ame pour noſtre redemption: laquelle offrande

54 211 682 55 vne fois faicte changent: voire mettent à neant

52 256 683 62 la pure et ſaincte inſtitutiõ de Ieſus Chriſt, quãd

52 308 680 57 comme enflez & ſuperbes en leur eſperit, vien

50 358 677 52 nent inuenter & controuuer telles ceremonies,

50 404 675 57 telles reiterations de ſacrifices, comme ſi Ieſus

51 450 679 61 Chriſt n’auoit eſté aſſez ſuffiſant pour faire no¬

50 502 681 58 ſtre redemption: mais en falut faire vne aultre

50 550 682 58 contre toute la ſaincte eſcripture, faiſans idola¬

48 599 680 58 trer le paoure peuple, qui adore le pain & le

52 652 675 54 vin comme ſon propre Dieu: lequel n’a point

50 694 679 60 ſon habitation és choſes faictes de main d’hom¬

49 744 677 56 me. Et ne veult außi eſtre ſerui ne adoré en cho

53 791 630 59 ſes faictes par artifice ne induſtrie humaine.

51 840 679 59 Mais toy (plus ſage que Dieu) luy feras vne bel

50 892 677 56 le ymage de bois, de la moytie en cuiras ton pot

55 940 673 54 et ta chair, de l’aultre en forgeras vn Dieu pour

52 987 676 52 l'adorer & ſeruir, luy demandant ayde & ſe¬

50 1034 677 59 cours: de peu de blé feras du pain, l’vne partie

51 1090 677 49 donneras aux paoures comme Dieu commande,

50 1132 676 58 de l’aultre qui est deffendue feras vn Dieu pour

51 1183 674 57 l'adorer, mãger & deuorer. O quel ſeruiteur,

51 1232 677 58 mangeant ſon maiſtre, quel ſeruice on luy fait,

52 1279 676 60 quelle adoration: bien recommandée toutefois,

541 1323 201 68 b bien
