1088 1736
360 113 691 59 bien gardée et maintenue. Non pas à tout le moĩs

365 166 691 55 par l’eſcripture, droict ou raiſon, car n'en veul

365 212 693 59 lent point : mais il ſuffit à noz maiſtres q̃ ce ſoit

365 263 691 59 aſſez maintenu par force de tyrãnies. Si auez l'e

369 317 687 51 ſcripture pour vous, aueugles & conducteurs

368 360 689 56 d’aueugles, q̃ ne le mõſtrez vous? craignez vous

370 406 688 56 la lumiere? Certes celuy ꝗ chemine en tenebres

374 448 680 64 hayt la lumiere: qui a bõ droict il le mõſtre. Que

369 503 686 58 ne le faites vous, ſans vſer de tant de glaiues, de

367 554 687 55 tant de guerres, ſans tant perſecuter, tuer, meur¬

368 599 685 58 drir & brusler innocens, bõs et fideles perſon¬

367 649 684 59 nages, deſquelz le ſang viendra ſur vous & ſi

369 699 684 54 crie vẽgeance deuãt Dieu cõtre vous? ou à tout

369 746 683 56 le moins, puis que ne pouuez vaĩcre la verité, la

369 794 680 57 quelle eſt inuincible: endurez on vous prie pour

368 842 683 56 l'honneur de Dieu, roys, princes & ſeigneurs, à

376 888 674 61 qui Dieu a donné le glaiue pour punir lés meſ¬

368 937 681 61 chãs et garder lés bõs, qu'elle ſoit preſchée par

370 992 681 55 voz pays & royaumes, affin que vous et voſtre

367 1038 682 57 paoure peuple ne ſoyez plus menez et cõduictz

369 1085 677 59 ꝑ ces miſerables aueugles. Leſquelz cõme pao

366 1135 680 51 ures beſtes attachées vous meinẽt à l’abbreuoir.

364 1185 681 54 Auez vous le nez de cire, qu’on le vous tourne

363 1230 682 60 à tous ventz? il ſemble que ſoyez du tout effemi

363 1279 681 75 nez, hors du ſens, ſans crainte de Dieu, vous e¬

257 452 113 55 Ieh.12.

256 717 107 65 Mat.23

254 896 110 60 Rom.13

979 1326 63 67 ſtes
