1088 1736
24 118 683 75 ſtes bien peu redoubtez, que n'oſez veoir &

25 180 649 58 entendre la verité, qui a le droict ou le tort.

28 231 679 57 Qu'eſt ce que vous craignez lés car dinaux ny

24 277 685 63 eueſques, que auez en voz cours. Si Dieu est

24 329 678 59 pour vous, qui ſera contre vous? Pourquoy

22 373 683 62 ne leur faites vous maintenir leur cauſe publi¬

23 423 681 61 quement deuant tout le monde? ilz ſont tant de

21 471 681 61 docteurs, tant de ſages, tant de grans clers, tant

20 519 682 61 d’vniuerſitez contre nous paoures femmes, que

22 567 681 60 ſommes reiectées et meſpriſees de tout le mõde.

18 617 684 61 A quoy vous ſeruent ilz, ie vous prie? s’ilz ne

19 666 678 61 veullent monſtrer leur cauſe eſtre bonne & or

18 714 684 59 donnée de Dieu, endurez vous qu’ilz dominent

20 759 678 63 ſur vous? Nous diſons le cõtraire d’eux, qu'ilz

16 809 685 61 Ie preuuẽt. Nous le voulons monſtrer, qu'ilz ſe

16 854 686 66 deffendent par l'eſcripture ſaincte. Lés auez

19 909 681 58 vous rentez, enrichis, maleficiez, & remplis

16 954 686 60 leurs cofres tant ſeulement pour vous faire la

16 1003 688 60 court? Ne l’auez vous pas faict pour mainte¬

13 1052 691 60 nir l'honneur & la gloyre de Dieu, pour preſ¬

16 1102 686 59 cher & annoncer ſa parolle, pour vous mon¬

17 1147 685 58 ſtrer le chemin droict, cõment vous debuez vi

12 1197 689 60 ure et cheminer, pour reſiſter à ceux qui voul¬

12 1244 687 59 drõt faire ou dire cõtre la pure parolle de dieu?

14 1294 684 60 Ouy certes. Mais il ſemble qu'ilz ne ſoyẽt ordõ

14 1342 684 72 nez q pour triupher, dãcer, braguer, iurõgner,

721 135 92 63 Efai.i.

714 319 107 57 Iehan 8e

494 1393 219 71 b a2 &
