1088 1736
258 221 113 62 L.pier.3.

260 269 116 50 1.Cor.3.

365 131 687 63 &r paillarder: qui eſt choſe bien loing de Sainct

365 178 684 64 Pierre, lequel veult que ſoyons ſans crime, &

377 222 674 73 preſtz à redre raiſon à vnchaſcũ de noſtre foy.

376 277 680 65 Et pourtant ſi eſtes reſſuſcitez auec Chriſt, per

377 325 677 61 forcez vous on vous prie ymeltre ordre, et cer

386 367 675 72 chez lés choſes qui ſont laſſus, ou Ieſus eſt aßis

377 423 681 61 à la dextre de Dieu. Lequel quand nous prions,

379 472 686 63 que noſtre cœur ne ſoit plus cà bas, ne qu’on re

380 516 686 67 garde ou cõſidere aucune choſe viſible ou tem¬

380 565 683 66 porelle: car telles choſes paſſent, ſont corrupti¬

380 616 687 61 bles & tranſitoires. Parquoy fault leuer noſtre

380 665 687 60 cœur en haiult, et penſer aux choſes de Dieu, ce

381 712 689 63 leſtes et inuiſibles, & qui ſont incorruptibles.

383 760 687 60 A cauſe de quoy, noſtre Seigneur nous recõman

384 806 684 65 de que en priãt nous diſions, Noſtre pere qui és

385 856 680 62 és cieulx. Nõ ſeulemẽt debuõs leuer noſtre cœur

385 903 684 67 au ciel enuers noſtre pere, mais außi enuers Ieſus

387 954 684 62 qui eſt noſtre aduocat et frere, qui veult que ne

388 1002 683 60 croyons à ceux qui nous diſent, Chriſt eſt icy,

388 1050 683 62 Chriſt eſt là. Car telz qui nous donnent ainſi à

386 1100 683 60 entendre qu'ilz l’ont en leurs mais, en leur repo

388 1145 683 67 ſitoire et armaire, ſont faulx chriſtz, faulx pro¬

389 1198 682 60 phetes, et faulx redẽpteurs: nous dõnans à enten¬

390 1246 678 61 dre qu’ilz nous rachaptẽt, ou ilz n’en font rien.

390 1290 677 66 Car ne vous fault attẽdre la venue de leſus, fors

266 394 114 55 Colo.3.

1017 1339 46 53 en
