1088 1736
36 131 689 64 en maieſté, en puiſſance, et vertu, apertemẽt, viſi¬

30 177 689 66 blemẽt, et clairemẽt ainſi qu'il eſt mõté. Et cõme

31 229 687 65 dict eſt, ceux qui ſont reſſuſcitez auec luy qu’ilz

29 276 691 69 cerchẽt lés choſes ꝗ ſont laſſus, ou Ieſus eſt aßis

28 327 692 58 à la dextre de Dieu le pere. Et ne fault point en¬

27 376 694 65 tendre que ꝑſonne pẽſe que cés parolles de leſus

27 420 690 68 Chriſt dictes et proferées ſainctes et pures, cecy

27 473 690 63 eſt mõ corps ꝗ eſt dõné pour vous, faictes cecy

27 519 689 68 en memoire de moy: facẽt aultre choſe que pain

29 569 680 62 lequel on prẽd en memoire de la mort de Ieſus,

30 620 687 64 ſans penſer n’imaginer que ce pain ſoit changé

27 668 693 62 trãsformé, et trãſubſtãtié au corps de nostre Sei¬

31 718 689 61 gneur Ieſus: ou que ſon corps deſcẽde du ciel, et

29 766 690 59 ſe viẽne mucer et cacher ſoubz ce pain: ou auec

27 812 686 66 le pain. Car ceſte opiniõ eſt plus que folle ſonge

26 864 683 62 rie et reſuerie trop ſuperſtitieuſe, trop rude, &

25 912 690 61 loing de la pure parolle de Dieu, et foy de noſtre

27 959 687 61 Seigneur: ꝑ laquelle nous croyõs, attendõs, et cõ

31 1007 681 63 feſſons noſtre ſauueur eſtre aſſis ꝑpetuellemẽt à

25 1055 688 63 la dextre de ſon pere: et de la venir iuger lés vi

27 1102 685 65 uãtz et lés mortz: mais ſa grace, puißãce, miſeri¬

27 1151 683 62 corde, auec ſon ſainct eſperit habiter et ſe mon¬

30 1200 682 61 ſtrer en nous iuſꝗ̃ en la cõſommation du ſiecle.

27 1248 686 62 La foy donc et l’eſperit de Dieu habitãt en nous,

27 1298 687 71 nous enſeignẽt cecy par la parolle de Dieu, ſans

723 185 87 45 Act̃.1.

733 229 94 58 Colo.3.

723 442 107 51 Mat.27

723 486 108 49 Mar.14

723 518 112 39 Luc. 22.

720 551 113 46 1.cor.11.

493 1351 221 65 b3 lés
