1088 1736
244 218 111 62 gen. U7.

356 131 686 62 lés ſonges dés hõmes. Car tout aĩſi que la circon

360 183 685 58 ciſion eſtoit nõmée l'alliance entre Dieu & A¬

359 227 688 63 braham à cauſe qu'elle n’eſtoit q̃ le ſigne, on la

368 275 678 63 faiſoit en memoire de l'alliãce. Et außi la colõbe

370 322 674 68 n’est pas le S. eſperit, mais eſt le ſigne que le S.

366 375 681 61 eſperit est deſcendu ſus Ieſus, quand on a ouy la

369 423 677 59 voix du pere diſant: C'eſt mõ filz bien aymé au¬

370 467 673 69 quel ay pris mon bõ plaiſir, eſcoutez le. Nõ plus

366 520 680 61 que le vent & la flãme du feu n’est le S. eſperit,

365 569 681 60 quãd leur a eſté dõné à la pentecoſte. Mais tout

365 615 679 63 celà eſtoit le ſigne du ſainct eſperit. Cõme en¬

363 662 679 66 tre lés enfans d'Iſrael l'agneau paſchal eſtoit ap

365 712 675 63 pellé & nommé la paſque, c'eſt adire, le paſſage

370 761 673 61 faict de l’ange en la terre d’Egypte: & le bap¬

368 804 676 65 teſme pris en foy eſt appellé renouuellement de

364 857 680 62 vie en la mort de Ieſus christ, pource qu'il ſigni

365 906 680 60 fie la regeneratiõ & renouatiõ interieure et ſpi

362 955 679 60 rituelle, tellemẽt que ceux ꝗ ſont baptizez en foy,

366 1001 676 64 ſont cõplantez à la mort de Ieſus Chriſt: cõme

366 1051 678 62 vrays enfans en l'heritage, & à la greffe de la

360 1100 682 60 bonne oliue en l'oliuier ſauuage. Außi IESVS

366 1145 677 66 Chriſt est nõmé et appellé en l'eſcripture, laq̃l¬

360 1198 681 57 le est accommodée à nous pour noſtre infirmité,

361 1247 682 60 ce qui'l n’eſt pas. Mais ce qu’il repreſente & ſi

364 1295 676 68 gnifie par ſimilitudes. Sainct Iehã le nõme vne

246 310 101 46 Mat.3.

247 347 114 37 Marc.1.

246 379 102 37 Luc.3.

247 409 111 43 Iehan 1.

247 475 97 51 Act̃.2.

250 759 91 39 Act̃.2.

247 791 108 41 Exod.2

251 821 112 57 Rom.9.

935 1343 98 63 vigne
