1088 1736
62 139 684 61 vigne, vne porte, et vn chemi:s. Pol vne piere.

60 188 687 63 luy meſme pain. Außi nous le nõmons & appel¬

60 232 691 68 lons pain, en la ſaincte table, qui eſt ſõ ſacremẽt.

59 282 686 68 Tellement que le pain eſt nommé & appellé le

61 335 687 61 corps de Ieſus Chriſt: pource que le pain nous

64 382 680 63 ſignifie & repreſente le corps de Ieſus auoir

59 431 688 62 esté liuré & baillé à la mort pour nous: & eſt

57 483 686 60 prins en memoire et recordation que ſon corps

56 529 689 58 a este mis à mort pour nous. Car manger la

56 573 690 67 chair & boyre le ſang de Ieſus Chriſt, est bien

56 624 690 64 aultre choſe que prendre le pain, et boyre le ca¬

57 675 686 60 lice: cecy est commun aux bons & aux mauuais,

54 723 688 61 mais manger la chair de Ieſus Christ, & boyre

60 770 681 62 ſon ſang, n’eſt commun que à ceux qui verita¬

54 819 687 59 blement ont Foy. L'on peut bien venir indigne¬

53 867 682 62 ment à la table de nostre Seigneur, mangeant &

55 919 685 56 prenant ce en condemnation & iugement : tout

52 963 689 67 ainſi que indignement l’on peut prendre le bap¬

53 1013 687 63 teſme, quand ſans Foy viue, certaine & entiere,

52 1054 685 70 l'homme vient teſmoigner qu’il eſt renouuellé

54 1108 689 66 de vie, & teſmoigne deuant l'aſſemblée qu’il est

54 1158 690 60 inſeré, vmy, & conioinct à Ieſus Christ. Et ſur ce

54 1207 691 63 prend le bapteſme exterieur & viſible, à ſa con

54 1254 690 62 demnatiõ: donnant à entẽdre qu'il est dés mẽbres

53 1302 688 73 de Christ faulſement. Mais le bapteſme interieur

758 150 115 39 Iehan ig,

758 182 115 46 I.cor.1o.

749 302 114 62 Iccorais

745 1060 102 61 marc.is

467 1356 281 67 b 4 lequel
