1088 1736
346 131 687 61 lequel perſonne ne peut dõner ſinõ le ſeul Dieu,

344 182 690 60 donnãt ſon ſainct eſperit, il ne peut eſtre receu

348 231 685 59 que dignemẽt. Car il fait dés impurs et mal netz

346 278 689 61 netz, dés indignes dignes, lés purifiant et ſancti¬

350 327 685 63 fiant par Foy, leur dõnant ſon ſaict eſperit. Auſ¬

350 375 684 63 ſi mãger la chair et boyre le ſang de leſus Chriſt

350 425 680 60 n'eſt autre choſe que fermemẽt croyre, que ice¬

350 472 683 62 luy noſtre benoiſt ſauueur a dõné ſon corps, ſa

351 522 684 59 chair, ſa vie, & a repandu ſon ſang pour noſtre

353 569 680 62 ſalut. Vrayemẽt cecy ne peut eſtre faict indigne¬

351 621 682 57 ment & en iugemẽt, mais en ſalut. Car ceſte Foy

353 665 681 65 purifie lés cœurs, pource ꝗ̃ leſus Chriſt habite

354 718 679 59 par Foy au cœur du croyant. Ce mãger donc et

354 765 678 57 croyre eſt vne meſme choſe: car nous n’auons

356 812 676 59 pluſieurs moiẽs pour eſtre ſauuez, il ny a qu'vn

355 861 665 61 c’eſt aſſauoir la Foy que auõs en Ieſus Chriſt.

356 907 677 61 Cecy dõne bien entendre l'euangeliſte S. Iehan

354 954 679 66 en pluſieurs paſſages, parlãt touſiours d’vn meſ

353 1006 683 62 me eſperit. En vn paßage il dit ainſi. Qui croit

353 1054 681 60 en moy a la vie eternelle, et ie le reſſuſciteray au

352 1103 682 58 dernier iour: En l’aultre paßage il dit. Qui mã

352 1153 681 59 ge ma chair et boyt mõ ſang, a la vie eternelle,

350 1201 681 57 et ie le reſſuſciteray au dernier iour. En cecy on

350 1249 683 59 voit aſſez apertemẽt manifeſtemẽt et ſimplement

347 1295 684 73 eſtre dicte vne meſme choſe de la Foy et de ce mã

943 1348 85 66 ger
