<?xml version="1.0" encoding="UTF-8"?>
<alto xmlns:xsi="http://www.w3.org/2001/XMLSchema-instance"
      xmlns="http://www.loc.gov/standards/alto/ns-v4#"
      xsi:schemaLocation="http://www.loc.gov/standards/alto/ns-v4# http://www.loc.gov/standards/alto/v4/alto-4-2.xsd">
  <Description>
    <MeasurementUnit>pixel</MeasurementUnit>
    <sourceImageInformation>
      <fileName>26_2abb7_default.jpg</fileName>
      <fileIdentifier>https://www.e-rara.ch/i3f/v20/4252774/full/full/0/default.jpg</fileIdentifier>
    </sourceImageInformation>
  </Description>
  <Tags>
    <OtherTag ID="BT8" LABEL="DamageZone" DESCRIPTION="block type DamageZone"/><OtherTag ID="BT10" LABEL="DropCapitalZone" DESCRIPTION="block type DropCapitalZone"/><OtherTag ID="BT11" LABEL="GraphicZone" DESCRIPTION="block type GraphicZone"/><OtherTag ID="BT12" LABEL="MainZone" DESCRIPTION="block type MainZone"/><OtherTag ID="BT13" LABEL="MarginTextZone" DESCRIPTION="block type MarginTextZone"/><OtherTag ID="BT15" LABEL="NumberingZone" DESCRIPTION="block type NumberingZone"/><OtherTag ID="BT17" LABEL="QuireMarksZone" DESCRIPTION="block type QuireMarksZone"/><OtherTag ID="BT18" LABEL="RunningTitleZone" DESCRIPTION="block type RunningTitleZone"/><OtherTag ID="BT20" LABEL="StampZone" DESCRIPTION="block type StampZone"/><OtherTag ID="BT22" LABEL="TitlePageZone" DESCRIPTION="block type TitlePageZone"/><OtherTag ID="BT2697" LABEL="MarginTextZone:handwrittenAddition" DESCRIPTION="block type MarginTextZone:handwrittenAddition"/>
    <OtherTag ID="LT8" LABEL="DefaultLine" DESCRIPTION="line type DefaultLine"/><OtherTag ID="LT9" LABEL="DropCapitalLine" DESCRIPTION="line type DropCapitalLine"/><OtherTag ID="LT10" LABEL="HeadingLine" DESCRIPTION="line type HeadingLine"/>
  </Tags>
  <Layout>
    <Page WIDTH="1088"
          HEIGHT="1736"
          PHYSICAL_IMG_NR="26"
          ID="eSc_dummypage_">
      <PrintSpace HPOS="0"
                  VPOS="0"
                  WIDTH="1088"
                  HEIGHT="1736">
        <TextBlock HPOS="56"
                   VPOS="116"
                   WIDTH="720"
                   HEIGHT="1254"
                   ID="eSc_textblock_918c3d74"
                   TAGREFS="BT12">
          <Shape><Polygon POINTS="56 133 69 1370 776 1327 765 116"/></Shape>
          <TextLine ID="eSc_line_2d2abae8"
                    TAGREFS="LT8"
                    BASELINE="74 170 577 157 756 157" 
                    HPOS="73"
                    VPOS="119"
                    WIDTH="683"
                    HEIGHT="68">
            <Shape><Polygon POINTS="747 129 743 127 706 127 683 119 680 119 675 119 645 128 599 124 598 124 598 124 597 124 591 130 564 122 564 122 554 123 544 123 535 123 525 124 516 124 506 125 501 125 485 128 469 126 467 126 458 127 448 127 446 127 435 134 390 129 390 129 380 130 371 130 361 131 353 131 347 136 324 136 316 136 298 133 294 133 285 134 275 134 266 134 256 135 246 135 237 135 236 135 226 137 209 135 208 136 198 136 189 137 179 137 169 137 160 138 150 138 140 139 131 139 121 139 111 140 102 140 92 141 86 141 73 142 74 170 74 187 121 186 122 186 123 186 130 179 169 179 190 186 192 186 193 186 194 186 195 186 197 186 227 176 274 179 275 179 357 172 387 181 388 181 389 181 390 181 391 181 391 180 401 171 449 179 450 179 451 179 469 171 508 178 509 178 510 178 511 178 512 178 512 177 520 169 545 177 546 177 547 177 548 177 568 167 597 176 598 176 598 176 640 175 641 175 680 164 686 168 687 168 688 168 689 168 726 163 736 172 737 172 738 172 739 173 755 173 756 157 754 132 747 129"/></Shape>
	    <String CONTENT="ger. Et pourtãt à ce tẽps cy ne fault regarder ce"
                    HPOS="73"
                    VPOS="119"
                    WIDTH="683"
                    HEIGHT="68"
                    WC="0.9705528892003573"></String>
          </TextLine>
          <TextLine ID="eSc_line_dac60aed"
                    TAGREFS="LT8"
                    BASELINE="69 219 527 207 757 204" 
                    HPOS="69"
                    VPOS="164"
                    WIDTH="688"
                    HEIGHT="71">
            <Shape><Polygon POINTS="69 219 69 232 192 228 200 231 211 235 212 235 213 235 214 235 230 230 243 227 269 229 304 233 305 233 327 228 347 224 385 227 423 230 424 230 425 230 436 226 448 222 461 226 470 228 471 228 472 228 473 228 480 225 489 221 505 225 516 227 516 227 542 224 565 221 571 223 579 226 580 226 581 226 665 221 666 221 667 221 672 217 683 221 689 223 690 223 691 223 757 219 757 204 755 172 738 164 737 164 736 164 684 170 670 165 669 165 668 165 667 165 666 165 653 176 651 179 586 179 583 178 563 168 562 168 561 168 514 169 513 169 512 169 505 176 464 181 449 183 445 182 422 172 421 172 397 172 396 172 395 172 372 184 369 186 331 186 329 185 306 174 305 174 304 174 252 183 228 176 227 176 226 176 225 176 181 189 177 190 73 191 69 219"/></Shape>
	    <String CONTENT="remonies, ſacrifices ou ſignes viſibles, attendãt ſa"
                    HPOS="69"
                    VPOS="164"
                    WIDTH="688"
                    HEIGHT="71"
                    WC="0.9868839506833058"></String>
          </TextLine>
          <TextLine ID="eSc_line_750d06af"
                    TAGREFS="LT8"
                    BASELINE="70 268 754 250" 
                    HPOS="69"
                    VPOS="216"
                    WIDTH="685"
                    HEIGHT="67">
            <Shape><Polygon POINTS="70 268 70 283 102 278 131 282 138 283 139 283 140 283 145 282 164 276 198 280 213 281 214 281 215 281 216 281 216 280 217 279 223 274 238 278 241 279 242 279 243 279 250 278 275 273 287 276 295 279 296 279 297 279 298 279 308 276 320 271 394 271 398 272 403 276 404 276 405 276 406 276 407 276 408 276 413 272 419 269 449 269 462 271 487 274 488 274 515 269 525 267 531 268 544 271 544 271 545 271 702 269 703 269 717 264 730 268 731 268 732 268 733 268 754 260 754 250 751 222 704 222 693 216 692 216 691 216 690 216 625 224 603 217 602 217 601 217 600 217 588 221 476 220 475 220 474 220 448 230 372 231 360 223 359 223 358 223 357 223 356 223 355 223 345 232 297 232 290 227 289 227 288 227 287 227 286 227 263 233 221 226 220 226 219 226 201 233 152 228 151 228 150 228 149 228 149 229 139 238 97 238 78 230 77 230 76 230 75 230 74 230 74 231 69 236 70 268"/></Shape>
	    <String CONTENT="lut ꝑ choſes exterieures ou viſibles ꝗ ſont admi¬"
                    HPOS="69"
                    VPOS="216"
                    WIDTH="685"
                    HEIGHT="67"></String>
          </TextLine>
          <TextLine ID="eSc_line_13727671"
                    TAGREFS="LT8"
                    BASELINE="70 317 752 300" 
                    HPOS="69"
                    VPOS="262"
                    WIDTH="683"
                    HEIGHT="71">
            <Shape><Polygon POINTS="70 317 70 326 102 333 103 333 104 333 118 326 120 325 131 326 189 331 190 331 251 325 280 322 331 324 362 325 363 325 371 323 390 319 402 323 409 325 410 325 411 325 412 325 425 323 443 318 476 322 493 324 494 324 495 324 500 322 514 316 547 321 556 322 557 322 611 321 612 321 613 321 614 320 623 314 643 320 644 320 645 320 646 320 650 320 686 314 750 318 752 300 750 270 680 262 679 262 611 265 610 265 609 265 598 271 576 265 575 265 574 265 534 272 505 267 504 267 475 272 431 268 430 268 429 268 405 277 337 278 312 271 311 271 310 271 129 283 116 275 115 275 114 275 113 275 69 285 70 317"/></Shape>
	    <String CONTENT="niſtrées par lés hões. Car ſ’il eſt ainſi que l&#x27;hõme"
                    HPOS="69"
                    VPOS="262"
                    WIDTH="683"
                    HEIGHT="71"></String>
          </TextLine>
          <TextLine ID="eSc_line_7a641497"
                    TAGREFS="LT8"
                    BASELINE="71 366 754 350" 
                    HPOS="69"
                    VPOS="312"
                    WIDTH="685"
                    HEIGHT="69">
            <Shape><Polygon POINTS="71 366 71 381 102 376 144 381 150 381 151 381 152 381 155 380 190 372 217 379 218 379 219 379 220 379 228 379 294 374 308 378 309 378 310 378 311 378 312 378 313 378 323 369 340 374 341 374 342 374 343 374 344 374 353 368 411 371 412 371 446 366 456 373 457 373 458 373 459 373 460 373 480 364 517 364 580 364 589 370 590 370 591 370 592 370 625 363 753 367 754 350 752 321 723 321 713 312 712 312 711 312 710 312 628 323 627 324 624 324 587 324 569 315 568 315 567 315 566 315 565 315 555 324 539 316 538 316 511 316 510 316 509 316 470 326 469 326 466 326 404 322 403 322 402 322 380 327 352 320 351 320 350 320 302 325 231 323 230 323 229 323 190 333 187 333 182 333 115 325 114 325 113 325 112 325 100 334 69 335 71 366"/></Shape>
	    <String CONTENT="n&#x27;eſt pas iuſtifié p lés œuures de la loy, ne meſme"
                    HPOS="69"
                    VPOS="312"
                    WIDTH="685"
                    HEIGHT="69"
                    WC="0.9787832577273531"></String>
          </TextLine>
          <TextLine ID="eSc_line_dbb0bafd"
                    TAGREFS="LT8"
                    BASELINE="73 413 754 398" 
                    HPOS="71"
                    VPOS="362"
                    WIDTH="683"
                    HEIGHT="68">
            <Shape><Polygon POINTS="73 413 74 430 101 423 109 429 110 429 111 429 112 429 137 428 138 428 159 421 192 426 199 427 200 427 201 427 204 426 220 420 237 424 238 424 239 424 301 418 317 422 325 424 326 424 326 424 327 424 328 424 331 422 339 417 377 420 401 422 402 422 403 422 408 419 417 415 453 418 487 420 488 420 489 420 501 416 511 413 535 415 563 417 564 417 565 417 566 417 571 414 574 411 658 410 666 410 709 415 710 415 753 407 754 398 752 368 733 363 732 363 731 363 680 369 632 362 631 362 630 362 629 362 629 363 622 369 586 363 585 363 584 363 565 372 552 367 551 367 550 367 524 373 516 365 515 365 514 365 497 365 496 365 462 366 461 366 460 366 460 367 450 375 431 369 430 369 429 369 428 369 427 369 418 376 388 376 371 368 370 368 369 368 368 368 367 368 367 369 359 376 330 369 329 369 328 369 327 369 315 378 314 378 311 378 244 375 243 375 242 375 231 379 230 379 206 372 205 372 204 372 203 372 202 372 202 373 196 378 188 373 187 373 186 373 185 373 184 373 170 379 146 374 145 374 144 374 143 374 131 381 130 382 71 382 73 413"/></Shape>
	    <String CONTENT="par l’obſeruatiõ de tout ce q̃ Dieu cõmãde, mais"
                    HPOS="71"
                    VPOS="362"
                    WIDTH="683"
                    HEIGHT="68"
                    WC="0.9814382218847088"></String>
          </TextLine>
          <TextLine ID="eSc_line_7bcfd5d3"
                    TAGREFS="LT8"
                    BASELINE="75 463 757 447" 
                    HPOS="73"
                    VPOS="409"
                    WIDTH="684"
                    HEIGHT="70">
            <Shape><Polygon POINTS="75 463 75 479 106 473 137 478 138 478 139 478 140 478 155 469 219 476 220 476 221 476 240 467 353 473 354 473 355 473 374 463 438 463 459 470 460 470 461 470 462 470 462 470 477 461 567 467 568 467 569 467 582 461 594 467 595 467 596 467 625 467 633 466 634 466 635 466 644 460 651 465 652 465 652 465 653 465 710 460 755 463 757 447 754 416 706 416 680 409 680 409 679 409 678 409 662 416 639 410 638 410 637 410 636 410 635 410 630 415 616 411 615 411 614 411 566 419 557 412 556 412 555 412 554 412 512 419 491 414 490 414 489 414 489 414 472 422 441 415 440 415 439 415 418 422 403 416 402 416 401 416 400 416 378 422 326 418 326 418 325 418 324 418 311 427 289 427 277 419 276 419 275 419 274 419 244 420 244 420 243 420 233 428 218 421 217 421 217 421 216 421 193 429 176 422 175 422 174 422 173 422 153 430 135 423 134 423 133 423 132 423 116 428 90 424 89 424 88 424 73 431 75 463"/></Shape>
	    <String CONTENT="ſeulemẽt par la miſericorde de Dieu, ayãt foy en"
                    HPOS="73"
                    VPOS="409"
                    WIDTH="684"
                    HEIGHT="70"
                    WC="0.9837914228439331"></String>
          </TextLine>
          <TextLine ID="eSc_line_45fbd37f"
                    TAGREFS="LT8"
                    BASELINE="76 512 759 493" 
                    HPOS="74"
                    VPOS="457"
                    WIDTH="685"
                    HEIGHT="71">
            <Shape><Polygon POINTS="76 512 77 528 95 521 137 526 144 526 145 526 146 526 148 525 163 518 176 524 177 524 178 525 219 525 219 524 220 524 228 522 256 515 276 520 285 522 286 522 287 522 288 522 288 521 290 520 296 515 362 517 383 517 384 517 406 515 439 512 451 514 468 516 469 517 469 516 495 512 512 509 516 511 527 515 528 515 529 515 530 515 531 515 540 510 544 508 586 508 722 511 723 511 724 511 759 501 759 493 757 465 721 457 720 457 696 458 695 458 694 458 683 466 680 469 563 471 557 468 543 461 542 461 541 461 540 461 519 469 510 472 499 469 477 463 476 463 475 463 474 463 459 470 453 472 448 470 435 464 434 464 433 464 377 471 324 479 280 479 259 473 246 470 245 470 244 470 221 474 209 476 199 474 182 471 181 471 151 475 124 479 116 476 112 474 111 474 110 474 74 476 76 512"/></Shape>
	    <String CONTENT="ſon filz Ieſus: cõment dõc attendrõs nous ſalut"
                    HPOS="74"
                    VPOS="457"
                    WIDTH="685"
                    HEIGHT="71"
                    WC="0.9757339859008789"></String>
          </TextLine>
          <TextLine ID="eSc_line_769e45b9"
                    TAGREFS="LT8"
                    BASELINE="76 561 513 547 760 543" 
                    HPOS="75"
                    VPOS="506"
                    WIDTH="685"
                    HEIGHT="71">
            <Shape><Polygon POINTS="76 561 76 577 120 569 167 575 168 575 169 575 196 568 214 575 215 575 216 575 217 575 223 574 282 566 319 572 323 572 324 572 325 572 326 571 347 563 397 562 422 569 423 569 424 569 425 569 426 569 427 569 436 562 528 564 529 564 572 557 637 564 642 564 643 564 669 563 696 561 697 561 713 553 730 561 731 561 732 561 760 560 760 543 758 510 659 507 658 507 657 507 656 507 649 512 634 506 633 506 632 506 631 506 613 514 611 514 609 514 593 510 592 510 566 515 560 515 559 515 548 508 547 508 546 508 545 508 503 516 497 517 494 516 479 510 478 510 477 510 426 511 425 511 400 517 360 514 359 514 358 514 357 514 357 515 351 520 350 521 349 520 325 514 324 514 323 514 275 519 250 515 249 515 248 515 225 524 224 524 206 518 205 518 204 518 203 518 180 525 177 526 174 526 143 518 142 518 141 518 140 518 131 526 75 528 76 561"/></Shape>
	    <String CONTENT="par lés choſes leſquelles ſõt directemẽt faictes et"
                    HPOS="75"
                    VPOS="506"
                    WIDTH="685"
                    HEIGHT="71"
                    WC="0.9724911374074442"></String>
          </TextLine>
          <TextLine ID="eSc_line_6950ec4b"
                    TAGREFS="LT8"
                    BASELINE="73 609 759 592" 
                    HPOS="72"
                    VPOS="554"
                    WIDTH="687"
                    HEIGHT="70">
            <Shape><Polygon POINTS="73 609 73 619 97 624 98 624 99 624 113 619 117 617 131 618 174 623 175 623 210 617 225 613 276 613 283 615 296 620 297 620 298 620 299 620 299 620 299 619 304 615 337 619 338 619 339 619 340 619 348 614 353 611 357 614 363 616 364 616 365 616 390 613 420 609 435 612 453 616 454 616 455 616 464 611 472 607 536 606 552 610 567 613 568 613 601 609 644 603 656 608 663 610 664 610 665 610 758 605 759 592 756 562 703 562 681 554 680 554 680 554 679 554 661 563 646 558 645 558 644 558 643 558 624 565 623 565 621 565 566 557 565 557 535 559 534 559 533 559 533 560 525 568 524 569 479 569 478 569 463 562 462 562 462 562 461 562 460 562 448 569 447 569 442 569 398 564 397 564 396 564 376 571 374 572 336 572 334 572 316 564 315 564 314 564 313 564 293 569 261 565 260 565 230 567 229 567 228 567 217 575 216 576 171 576 170 576 148 568 147 568 146 568 72 578 73 609"/></Shape>
	    <String CONTENT="ordõnées dés hõmes cõtre Dieu et ſa parolle? Et"
                    HPOS="72"
                    VPOS="554"
                    WIDTH="687"
                    HEIGHT="70"
                    WC="0.9705476818176416"></String>
          </TextLine>
          <TextLine ID="eSc_line_342c4930"
                    TAGREFS="LT8"
                    BASELINE="76 657 761 640" 
                    HPOS="74"
                    VPOS="600"
                    WIDTH="687"
                    HEIGHT="74">
            <Shape><Polygon POINTS="76 657 76 674 151 665 185 671 186 671 187 671 188 671 231 663 256 669 264 670 265 670 266 670 267 670 269 668 278 661 351 660 368 664 378 667 379 667 380 667 380 667 391 663 397 662 403 663 416 666 417 666 472 660 498 658 503 659 515 663 516 663 516 663 517 663 529 658 536 656 544 658 565 662 566 662 612 655 627 653 631 654 638 657 639 657 640 657 657 653 664 652 667 653 677 658 678 658 679 658 680 658 680 658 689 652 692 651 760 650 761 640 759 600 726 600 725 600 724 600 723 600 722 601 711 608 693 602 692 602 691 602 690 602 689 602 688 602 674 611 651 606 650 606 599 613 584 606 580 605 579 605 578 605 557 607 492 616 480 610 472 607 471 607 470 607 469 607 459 611 451 614 439 612 416 608 415 608 390 609 389 609 388 609 382 614 377 619 359 615 353 614 352 614 342 616 325 620 317 617 303 611 302 611 301 611 300 611 287 616 166 615 165 615 164 615 163 615 151 623 147 625 74 625 76 657"/></Shape>
	    <String CONTENT="pourtãt tant ſeulemẽt ſe fault arreſter et tenir du"
                    HPOS="74"
                    VPOS="600"
                    WIDTH="687"
                    HEIGHT="74"
                    WC="0.9826825193639072"></String>
          </TextLine>
          <TextLine ID="eSc_line_24083251"
                    TAGREFS="LT8"
                    BASELINE="75 706 762 688" 
                    HPOS="74"
                    VPOS="653"
                    WIDTH="688"
                    HEIGHT="67">
            <Shape><Polygon POINTS="75 706 75 716 149 720 150 720 151 720 152 720 162 714 163 714 181 719 182 719 183 719 210 713 216 718 217 718 217 718 218 718 326 709 337 709 339 709 361 716 362 716 363 716 424 707 425 707 451 713 452 713 581 710 643 708 644 708 645 708 654 703 680 707 681 707 682 707 702 700 703 700 704 700 742 705 743 705 744 705 762 698 762 688 761 659 734 654 733 654 732 654 731 654 724 659 723 660 719 660 697 656 696 656 625 661 579 653 578 653 577 653 557 658 470 656 469 656 468 656 467 656 453 666 452 667 451 666 437 659 436 659 435 659 435 659 434 659 434 660 426 667 424 669 354 670 352 669 335 660 334 660 333 660 299 661 298 661 297 661 284 670 281 672 271 671 217 663 217 663 168 673 163 674 163 673 157 669 156 669 155 669 154 669 153 669 140 674 135 676 128 674 113 670 112 670 111 670 110 670 109 670 109 671 106 675 104 677 100 675 93 672 92 672 91 672 74 675 75 706"/></Shape>
	    <String CONTENT="tout aux biẽs interieurs, à la foy, à l&#x27;eſperit ouurãt"
                    HPOS="74"
                    VPOS="653"
                    WIDTH="688"
                    HEIGHT="67"
                    WC="0.9616971375613377"></String>
          </TextLine>
          <TextLine ID="eSc_line_a55886f5"
                    TAGREFS="LT8"
                    BASELINE="80 754 762 736" 
                    HPOS="78"
                    VPOS="702"
                    WIDTH="684"
                    HEIGHT="69">
            <Shape><Polygon POINTS="80 754 80 771 118 765 175 769 185 769 186 769 187 769 188 769 188 768 195 761 223 767 230 768 231 768 232 768 233 768 233 767 234 767 239 762 257 766 266 767 267 767 268 767 272 765 283 760 289 764 291 766 292 766 293 766 294 766 308 764 345 758 367 762 371 762 372 762 373 762 377 761 396 757 408 760 416 763 417 763 418 763 419 763 420 763 424 759 427 759 434 759 452 762 453 762 454 762 455 762 460 759 465 755 475 758 485 761 486 761 487 761 488 761 496 758 503 754 516 757 533 760 534 760 630 758 631 758 632 758 641 752 642 751 686 749 693 750 717 756 718 756 719 756 720 756 730 749 732 748 762 748 762 736 761 707 735 702 734 702 734 702 733 702 722 708 717 710 671 709 534 706 533 706 501 713 475 710 474 710 404 717 380 719 375 718 349 711 348 711 347 711 346 711 328 719 326 720 312 720 237 716 236 716 235 716 224 722 221 724 197 724 196 723 188 716 187 716 186 716 185 716 184 716 156 723 116 717 115 717 114 717 113 717 101 726 100 727 78 727 80 754"/></Shape>
	    <String CONTENT="ꝑ charité en noz cœurs, quoy q̃ lés ſages crient:"
                    HPOS="78"
                    VPOS="702"
                    WIDTH="684"
                    HEIGHT="69"></String>
          </TextLine>
          <TextLine ID="eSc_line_fdcb8677"
                    TAGREFS="LT8"
                    BASELINE="78 803 761 785" 
                    HPOS="76"
                    VPOS="747"
                    WIDTH="685"
                    HEIGHT="74">
            <Shape><Polygon POINTS="78 803 78 821 142 820 143 820 186 810 250 814 251 814 252 814 253 814 264 808 283 808 295 815 296 815 297 815 298 815 345 814 346 814 365 805 472 807 473 807 518 801 567 809 568 809 618 798 641 806 642 806 643 806 644 806 661 798 676 806 677 806 678 806 712 799 719 805 720 805 721 805 722 805 760 804 761 785 759 754 692 747 691 747 656 755 650 757 644 756 625 750 624 750 623 750 622 750 609 756 605 758 593 757 548 751 547 751 546 751 520 758 518 758 515 758 454 754 453 754 452 754 437 759 428 762 416 759 411 759 410 759 409 759 396 759 366 763 360 760 352 757 351 757 350 757 349 757 337 761 325 765 313 761 309 760 308 760 307 760 299 761 278 766 267 762 256 759 255 759 254 759 226 763 217 764 212 763 202 760 201 760 200 760 199 760 191 763 179 769 145 764 129 762 128 762 76 765 78 803"/></Shape>
	    <String CONTENT="leſq̃lz n’ont ẽcore du tout l’intelligẽce des eſcrip"
                    HPOS="76"
                    VPOS="747"
                    WIDTH="685"
                    HEIGHT="74"
                    WC="0.9766651049808219"></String>
          </TextLine>
          <TextLine ID="eSc_line_152d2632"
                    TAGREFS="LT8"
                    BASELINE="77 850 761 833" 
                    HPOS="76"
                    VPOS="800"
                    WIDTH="685"
                    HEIGHT="66">
            <Shape><Polygon POINTS="77 850 77 860 105 866 106 866 144 859 145 859 174 865 175 865 223 863 224 863 236 857 265 863 266 863 300 855 306 853 352 853 354 853 379 860 380 860 380 860 445 851 457 850 464 851 502 856 503 856 504 856 505 856 516 850 645 853 646 853 679 845 685 844 691 845 708 849 709 849 710 849 720 844 724 843 727 844 740 849 741 849 742 849 743 849 761 843 761 833 759 802 616 809 605 806 589 800 588 800 569 800 568 800 567 800 566 800 566 801 560 807 559 807 558 807 549 801 548 801 547 801 546 801 498 802 497 802 496 802 489 809 484 813 436 813 415 811 380 805 380 805 379 805 352 812 333 816 306 813 263 808 262 808 261 808 260 808 249 814 244 818 223 815 187 810 186 810 185 810 168 816 165 817 163 816 154 814 153 814 152 814 151 814 150 814 150 815 148 817 143 822 108 822 99 818 87 814 86 814 85 814 84 814 76 817 77 850"/></Shape>
	    <String CONTENT="tures ſ&#x27;arreſtãs aux ſignes viſibles. Et pourtant"
                    HPOS="76"
                    VPOS="800"
                    WIDTH="685"
                    HEIGHT="66"
                    WC="0.9901021838188171"></String>
          </TextLine>
          <TextLine ID="eSc_line_b66a3479"
                    TAGREFS="LT8"
                    BASELINE="81 900 763 882" 
                    HPOS="79"
                    VPOS="843"
                    WIDTH="684"
                    HEIGHT="77">
            <Shape><Polygon POINTS="81 900 81 920 116 909 176 917 183 917 184 917 193 916 261 904 301 904 323 911 329 913 330 913 331 913 332 913 333 913 337 910 350 902 366 902 378 909 380 911 381 911 382 911 383 912 404 912 404 911 439 910 440 910 449 906 461 899 508 899 515 903 518 907 519 907 520 907 521 908 547 908 547 907 577 901 592 898 600 900 611 902 612 902 613 902 614 902 618 899 625 895 647 898 680 903 681 903 682 903 683 903 691 896 693 895 696 896 712 902 713 902 714 902 715 902 716 902 716 901 723 895 725 895 763 895 763 882 761 846 669 852 663 848 658 843 657 843 656 843 655 843 654 843 643 848 637 850 620 848 588 845 587 845 586 845 578 849 567 856 510 857 444 852 415 850 414 850 391 853 328 862 267 857 266 857 265 857 255 862 245 856 244 855 244 855 243 855 242 855 184 857 160 859 159 859 158 859 149 865 139 858 138 858 137 858 136 858 79 859 81 900"/></Shape>
	    <String CONTENT="fault q̃ l&#x27;hõme cõgnoiſſe ſon imperfectiõ: car il"
                    HPOS="79"
                    VPOS="843"
                    WIDTH="684"
                    HEIGHT="77"
                    WC="0.9790820525242732"></String>
          </TextLine>
          <TextLine ID="eSc_line_a0be77c4"
                    TAGREFS="LT8"
                    BASELINE="78 949 764 930" 
                    HPOS="77"
                    VPOS="894"
                    WIDTH="687"
                    HEIGHT="73">
            <Shape><Polygon POINTS="78 949 78 965 108 967 108 967 109 967 116 964 130 958 151 963 163 965 164 965 165 965 172 962 186 955 217 955 230 960 239 963 240 963 241 963 270 958 284 956 300 957 340 960 341 960 342 960 343 960 348 955 353 951 377 954 407 958 408 958 408 958 409 958 418 953 423 949 427 952 432 957 433 957 434 957 435 958 454 958 454 957 455 957 478 950 490 948 520 949 586 953 587 953 588 953 589 953 600 947 603 945 618 946 652 949 652 949 653 949 654 949 660 944 663 942 763 940 764 930 762 900 734 894 734 894 689 898 601 895 600 895 518 906 508 898 507 898 506 898 486 898 485 898 451 899 450 899 449 899 449 900 439 909 438 910 404 910 364 910 349 902 348 902 347 902 346 902 345 902 330 912 329 912 328 912 309 904 308 904 279 904 278 904 255 905 254 905 253 905 244 914 242 916 198 916 196 915 189 909 188 909 187 909 186 909 185 909 184 909 175 916 172 918 119 918 117 917 108 913 108 913 107 913 77 918 78 949"/></Shape>
	    <String CONTENT="ny a qu’vn ſeul ꝗ ſoit parfaict, auq̃l habite toute"
                    HPOS="77"
                    VPOS="894"
                    WIDTH="687"
                    HEIGHT="73"></String>
          </TextLine>
          <TextLine ID="eSc_line_60da8463"
                    TAGREFS="LT8"
                    BASELINE="79 997 764 978" 
                    HPOS="77"
                    VPOS="941"
                    WIDTH="687"
                    HEIGHT="74">
            <Shape><Polygon POINTS="79 997 79 1015 138 1014 139 1014 140 1014 152 1003 257 1003 267 1009 269 1010 270 1010 271 1010 272 1010 289 1008 306 1005 315 1006 329 1009 330 1009 350 1005 382 999 422 1003 454 1005 455 1005 456 1005 465 1001 476 995 528 995 535 998 545 1003 546 1003 547 1003 548 1003 563 997 566 996 571 997 601 1002 602 1002 649 993 658 992 666 993 718 999 719 999 720 999 721 999 733 990 734 989 763 988 764 978 761 949 726 949 716 942 715 942 714 942 713 942 682 949 655 941 654 941 653 941 587 947 586 947 585 947 579 952 551 944 550 944 549 944 526 946 525 946 524 946 515 953 464 947 463 947 462 947 462 947 451 956 445 956 431 956 412 948 411 948 410 948 409 948 408 948 408 949 399 956 346 949 345 949 344 949 343 949 332 959 326 959 318 959 298 950 297 950 296 950 295 950 256 961 253 962 202 962 201 962 188 953 187 953 186 953 185 953 77 965 79 997"/></Shape>
	    <String CONTENT="perfection, c&#x27;eſt Ieſus Chriſt le iuſte: ſans leq̃l ne"
                    HPOS="77"
                    VPOS="941"
                    WIDTH="687"
                    HEIGHT="74"
                    WC="0.973502509019993"></String>
          </TextLine>
          <TextLine ID="eSc_line_ffe8b50f"
                    TAGREFS="LT8"
                    BASELINE="79 1045 765 1029" 
                    HPOS="78"
                    VPOS="992"
                    WIDTH="687"
                    HEIGHT="69">
            <Shape><Polygon POINTS="79 1045 79 1061 140 1056 155 1060 157 1060 158 1060 159 1060 163 1059 200 1052 255 1057 272 1057 273 1057 293 1055 330 1050 359 1053 383 1055 384 1055 408 1051 431 1047 451 1049 482 1053 483 1053 537 1046 563 1043 570 1045 578 1048 579 1048 580 1048 607 1043 618 1042 627 1043 676 1048 677 1048 678 1048 695 1040 696 1039 765 1037 765 1029 763 1001 727 992 726 992 681 1003 679 1003 676 1003 639 994 638 994 589 1004 587 1004 586 1004 560 996 559 996 558 996 477 998 476 998 475 998 475 999 466 1007 443 1008 396 1009 390 1009 334 1003 333 1003 332 1003 314 1009 290 1003 289 1003 288 1003 287 1003 286 1003 273 1012 272 1012 235 1003 234 1003 233 1003 210 1013 190 1005 189 1005 155 1005 154 1005 153 1005 132 1015 116 1011 115 1011 114 1011 78 1016 79 1045"/></Shape>
	    <String CONTENT="pouuõs auoir la vraye et ꝑfaicte intelligẽce de"
                    HPOS="78"
                    VPOS="992"
                    WIDTH="687"
                    HEIGHT="69"></String>
          </TextLine>
          <TextLine ID="eSc_line_e8e3daf8"
                    TAGREFS="LT8"
                    BASELINE="81 1093 765 1076" 
                    HPOS="80"
                    VPOS="1042"
                    WIDTH="685"
                    HEIGHT="69">
            <Shape><Polygon POINTS="81 1093 82 1111 109 1103 140 1109 141 1109 178 1102 224 1107 225 1107 226 1107 227 1107 227 1106 235 1099 340 1104 346 1104 347 1104 348 1104 361 1096 372 1103 373 1103 374 1103 375 1103 380 1103 417 1100 418 1100 419 1100 427 1094 478 1100 479 1100 480 1100 481 1100 482 1100 492 1092 534 1092 555 1098 556 1098 557 1098 558 1098 576 1090 603 1097 605 1097 606 1097 607 1097 608 1097 608 1096 617 1089 680 1095 686 1095 687 1095 688 1095 689 1095 703 1087 722 1091 723 1091 724 1091 725 1091 725 1090 726 1090 728 1087 734 1092 735 1092 736 1092 737 1093 764 1093 765 1076 762 1042 719 1050 641 1051 626 1046 625 1046 624 1046 623 1046 622 1046 620 1047 609 1052 592 1048 574 1043 573 1043 572 1043 571 1043 556 1049 544 1054 497 1055 474 1052 442 1047 441 1047 440 1047 439 1047 431 1053 429 1055 425 1054 409 1048 408 1048 408 1048 407 1048 386 1055 377 1057 369 1056 348 1049 347 1049 346 1049 298 1051 297 1051 296 1051 286 1057 284 1059 275 1058 241 1053 240 1053 239 1053 238 1053 230 1058 160 1054 159 1054 158 1054 138 1063 137 1063 135 1063 98 1057 97 1057 96 1057 80 1063 81 1093"/></Shape>
	    <String CONTENT="ſon eſcripture laq̃lle peu à peu eſt ouuerte aux"
                    HPOS="80"
                    VPOS="1042"
                    WIDTH="685"
                    HEIGHT="69"
                    WC="0.9858586167802617"></String>
          </TextLine>
          <TextLine ID="eSc_line_f41b0b6f"
                    TAGREFS="LT8"
                    BASELINE="81 1143 526 1129 770 1125" 
                    HPOS="79"
                    VPOS="1087"
                    WIDTH="691"
                    HEIGHT="74">
            <Shape><Polygon POINTS="81 1143 81 1161 147 1151 176 1159 177 1159 178 1159 179 1159 180 1159 181 1159 190 1152 212 1158 213 1158 214 1158 215 1158 216 1158 217 1158 249 1148 277 1156 280 1156 281 1156 282 1156 460 1149 461 1149 486 1140 623 1138 653 1142 665 1144 666 1144 667 1144 668 1144 670 1142 675 1139 695 1141 706 1142 707 1142 718 1140 754 1134 768 1139 770 1125 768 1094 732 1087 731 1087 730 1087 729 1087 717 1095 716 1096 677 1096 676 1096 654 1089 653 1089 652 1089 652 1089 621 1097 617 1098 608 1098 564 1095 563 1095 562 1095 552 1099 549 1100 546 1099 528 1094 527 1094 526 1094 525 1094 506 1100 504 1101 502 1101 486 1094 485 1094 484 1094 483 1094 466 1101 452 1095 451 1095 450 1095 351 1098 350 1098 349 1098 349 1099 343 1105 341 1106 338 1105 317 1099 316 1099 315 1099 314 1099 289 1106 281 1108 275 1107 262 1103 261 1103 260 1103 259 1103 251 1107 247 1109 231 1108 200 1105 199 1105 198 1105 197 1105 193 1109 191 1111 130 1112 120 1111 92 1106 91 1106 90 1106 79 1110 81 1143"/></Shape>
	    <String CONTENT="ſiens, pour et affin q̃lle ſoit du tout et entieremẽt"
                    HPOS="79"
                    VPOS="1087"
                    WIDTH="691"
                    HEIGHT="74"
                    WC="0.974417487780253"></String>
          </TextLine>
          <TextLine ID="eSc_line_68283e34"
                    TAGREFS="LT8"
                    BASELINE="79 1191 769 1173" 
                    HPOS="78"
                    VPOS="1134"
                    WIDTH="691"
                    HEIGHT="73">
            <Shape><Polygon POINTS="79 1191 79 1199 105 1207 106 1207 107 1207 179 1198 198 1196 201 1198 210 1205 211 1205 212 1205 213 1206 230 1206 230 1205 231 1205 261 1197 274 1194 316 1197 383 1201 384 1201 385 1201 406 1196 426 1191 440 1195 445 1197 446 1197 447 1197 448 1197 452 1195 463 1189 515 1189 529 1194 536 1197 537 1197 538 1197 601 1195 612 1193 646 1187 680 1193 686 1193 687 1193 688 1193 689 1193 689 1193 702 1184 731 1183 768 1192 769 1173 766 1134 650 1137 649 1137 648 1137 648 1138 637 1147 610 1147 577 1139 572 1139 571 1139 510 1140 509 1140 508 1140 507 1141 493 1150 468 1145 467 1145 423 1151 393 1145 381 1143 380 1143 380 1143 379 1143 376 1146 367 1153 340 1155 299 1155 289 1149 288 1149 287 1149 286 1149 259 1154 245 1150 237 1147 236 1147 235 1147 234 1147 226 1150 212 1158 182 1158 171 1152 163 1149 163 1149 162 1149 161 1149 147 1153 127 1159 78 1156 79 1191"/></Shape>
	    <String CONTENT="entẽdue et declairée Car tout ainſi q̃ par hypocri"
                    HPOS="78"
                    VPOS="1134"
                    WIDTH="691"
                    HEIGHT="73"
                    WC="0.9782580194564966"></String>
          </TextLine>
          <TextLine ID="eSc_line_8ded7a82"
                    TAGREFS="LT8"
                    BASELINE="81 1240 767 1220" 
                    HPOS="79"
                    VPOS="1182"
                    WIDTH="688"
                    HEIGHT="75">
            <Shape><Polygon POINTS="81 1240 81 1257 101 1250 141 1256 147 1256 148 1256 149 1256 153 1255 184 1247 232 1253 235 1253 236 1253 237 1253 238 1253 255 1246 303 1251 305 1251 306 1251 308 1251 345 1244 361 1249 362 1249 363 1249 401 1242 416 1248 417 1248 418 1248 458 1247 459 1247 460 1247 470 1242 519 1246 522 1246 523 1246 525 1246 564 1237 593 1243 594 1243 653 1236 677 1241 678 1241 679 1241 698 1233 706 1239 707 1239 707 1239 708 1240 708 1239 709 1239 710 1239 719 1233 765 1239 767 1220 765 1191 739 1182 738 1182 737 1182 677 1186 676 1186 659 1193 657 1195 623 1195 621 1194 604 1186 603 1186 602 1186 601 1186 600 1186 590 1195 588 1197 537 1197 534 1196 521 1189 520 1189 519 1189 494 1189 493 1189 434 1191 433 1191 432 1191 421 1198 416 1202 346 1203 340 1200 328 1194 327 1194 326 1194 326 1194 325 1194 318 1200 315 1203 308 1201 299 1198 299 1198 298 1198 281 1201 272 1203 267 1201 251 1195 250 1195 249 1195 248 1195 224 1202 210 1207 202 1203 191 1197 190 1197 190 1197 163 1198 162 1198 149 1204 138 1210 121 1210 114 1205 108 1200 107 1200 106 1200 105 1200 79 1205 81 1240"/></Shape>
	    <String CONTENT="ſie, ꝑ force de tyrannie a eſté par vn tẽps eſteĩcte"
                    HPOS="79"
                    VPOS="1182"
                    WIDTH="688"
                    HEIGHT="75"></String>
          </TextLine>
          <TextLine ID="eSc_line_1445eb9a"
                    TAGREFS="LT8"
                    BASELINE="80 1288 766 1269" 
                    HPOS="79"
                    VPOS="1232"
                    WIDTH="687"
                    HEIGHT="74">
            <Shape><Polygon POINTS="80 1288 80 1301 180 1306 181 1306 182 1306 183 1306 183 1305 190 1299 214 1305 215 1305 216 1305 217 1305 217 1305 231 1297 235 1294 285 1293 292 1295 317 1302 318 1302 319 1302 354 1295 384 1301 385 1301 417 1299 418 1299 419 1299 419 1298 428 1291 443 1294 444 1294 476 1289 493 1287 503 1289 523 1292 524 1292 554 1287 567 1285 569 1286 581 1295 582 1295 583 1295 584 1295 628 1294 666 1291 667 1291 683 1283 686 1281 765 1280 766 1269 761 1236 758 1240 746 1237 728 1232 727 1232 726 1232 725 1232 700 1239 680 1244 674 1240 666 1234 665 1234 664 1234 663 1234 626 1235 625 1235 602 1242 587 1247 570 1243 565 1243 564 1243 545 1244 485 1249 468 1247 436 1241 435 1241 435 1241 417 1248 410 1251 395 1249 349 1243 348 1243 347 1243 326 1251 321 1254 244 1256 232 1255 177 1247 176 1247 79 1260 80 1288"/></Shape>
	    <String CONTENT="et ſuffoquée: außi, par la vertu et puiſſance du"
                    HPOS="79"
                    VPOS="1232"
                    WIDTH="687"
                    HEIGHT="74"
                    WC="0.9678396533946602"></String>
          </TextLine>
          <TextLine ID="eSc_line_a711f730"
                    TAGREFS="LT8"
                    BASELINE="83 1336 769 1318" 
                    HPOS="81"
                    VPOS="1280"
                    WIDTH="688"
                    HEIGHT="78">
            <Shape><Polygon POINTS="83 1336 83 1358 118 1358 118 1357 119 1357 120 1357 121 1356 134 1349 178 1355 190 1356 191 1356 192 1356 193 1356 195 1354 203 1349 240 1352 262 1354 263 1354 282 1351 308 1346 328 1349 332 1349 333 1349 334 1349 335 1349 335 1348 341 1343 357 1348 370 1351 371 1351 372 1351 416 1345 436 1343 439 1344 444 1348 445 1348 446 1348 447 1348 516 1347 516 1347 540 1341 553 1337 566 1339 580 1342 581 1342 582 1342 593 1338 597 1337 598 1338 606 1343 607 1343 608 1343 609 1343 610 1343 631 1337 639 1334 699 1333 702 1334 707 1338 708 1338 709 1338 710 1338 769 1331 769 1318 767 1290 750 1290 734 1280 734 1280 733 1280 732 1280 731 1280 710 1289 679 1291 657 1293 587 1294 584 1292 576 1285 575 1285 574 1285 561 1285 560 1285 559 1285 558 1285 545 1293 542 1296 516 1296 506 1294 481 1287 480 1287 479 1287 478 1287 477 1287 466 1294 462 1297 458 1294 445 1288 444 1288 443 1288 403 1295 382 1299 366 1296 341 1291 340 1291 290 1297 288 1297 286 1297 264 1293 263 1293 262 1293 261 1293 254 1298 250 1300 243 1298 228 1294 227 1294 226 1294 225 1294 224 1294 218 1298 215 1301 205 1299 192 1295 191 1295 190 1295 190 1295 176 1299 153 1305 124 1300 114 1298 113 1298 81 1300 83 1336"/></Shape>
	    <String CONTENT="glaiue de l’eſperit de Dieu ſera allumée et rele¬"
                    HPOS="81"
                    VPOS="1280"
                    WIDTH="688"
                    HEIGHT="78"
                    WC="0.9810983848571777"></String>
          </TextLine>
        </TextBlock>
        <TextBlock HPOS="553"
                   VPOS="1330"
                   WIDTH="228"
                   HEIGHT="56"
                   ID="eSc_textblock_0f25fc69"
                   TAGREFS="BT17">
          <Shape><Polygon POINTS="553 1341 553 1386 781 1380 773 1330"/></Shape>
          <TextLine ID="eSc_line_bec8255b"
                    TAGREFS="LT8"
                    BASELINE="560 1374 771 1368" 
                    HPOS="558"
                    VPOS="1328"
                    WIDTH="211"
                    HEIGHT="70">
            <Shape><Polygon POINTS="559 1372 559 1398 601 1398 601 1397 603 1397 604 1397 604 1396 606 1396 623 1377 691 1377 730 1390 742 1393 743 1393 745 1393 769 1387 769 1367 766 1330 726 1328 724 1328 723 1328 708 1332 661 1345 558 1336 559 1372"/></Shape>
	    <String CONTENT="b5 uée"
                    HPOS="558"
                    VPOS="1328"
                    WIDTH="211"
                    HEIGHT="70"></String>
          </TextLine>
        </TextBlock>
      </PrintSpace>
    </Page>
  </Layout>
</alto>
