1088 1736
219 201 116 63 Mataa

334 120 684 70 uée quoy que les tyrãs facent. Car Ieſus Chriſt

337 170 683 65 reſſuſcité dés mortz eſt mis en gloyre. Et eſt cer

341 219 674 68 tain qu’il fault pluſtoſt que le ciel et la terre paj

339 267 682 66 ſet et abiſmẽt qn'un ſeul mot de la polle de Dieu

338 317 681 63 paſſe. Et pourtãt il a promis d’eſtre noſtre dieu

340 365 677 63 & pere: il nous fera cõme à ſes enfans puis que

337 412 680 64 ſõmes filz et freres de Ieſus. Et ne fault doubter

333 462 684 65 que ne ſoions heritiers & participãs de l'herita

332 511 685 65 ge auec luy: veu qu’il ſ'eſt dõné à cõgnoiſtre à

337 554 677 75 nous, voulãt q̃ ſon euãgile (qui eſt bõne nouuelley

332 608 682 67 ſoit preſche et annõce par tout le mõde. Leq̃l

328 656 687 63 nous a reuelé de ſa grace, & dõnera à entendre

329 705 687 62 plus amplemẽt aux ſiens, mais non pas ſans per¬

328 752 685 64 ſecutiõ. Il eſt veritable en ſés pmeſſes il ne ment

326 799 685 62 point cõme lés aultres hõmes. Qui eſt celluy

326 847 687 66 qui iamais aye eſté trõpé en luy? Abraham et lés

325 895 688 64 aultres bons patriarches, n’ont ilz point obtenu

322 943 689 70 lés pmeſſes? ne ſ'eſt il pas dõné à nous au temps

320 995 690 64 ordõne cõme il auoit promis? Qui eſt celuy qui

318 1041 690 68 luy puiße reprocher quelque choſe? Pourquoy

316 1090 693 66 eſt ce dõc que nous doubtõs en ſes pmeſſes cõme

326 1135 684 71 P'il eſtoit impuiſſant? Craignez vous qu’il ne le

320 1187 688 65 puiſſe faire? ou eſt voſtre Foy? n’a il point tout

316 1236 690 68 en ſa mai? qu'eſt ce que lés hõmes ferõt ſans luy?

313 1280 692 80 le Soleil couchera il deuant ſon heure? la pluye

221 389 103 51 Lue.s

215 551 114 72 Mata4

886 1348 121 55 retour¬
