1088 1736
100 119 689 70 retournera elle en hault? ouy bien mieulx ſe fera

102 169 689 71 et plus facilement, que l'euãgile n'aye ſon cours

104 220 684 66 par tout lemõde. Exercez vostre office tyrans,

102 269 681 64 rompez vous la teſte contre la pierre, rien n'y

103 318 680 63 ferez, bedeaux du Pape, ſinon la vous rompre:

105 362 683 71 vous ſeres froißez. Car en tuant, et bruslant le

104 413 688 67 corps, n’auez nulle puiſſance ſus l'ame. Noz

102 458 683 68 cheueux ne ſont ilz point tous cõptez? il ne ſen

105 509 685 70 perdra pas vn ſans le bon vouloir de nostre pe

105 559 684 66 re, lequel non ſeulement a ſoucy de nous, mais

106 610 685 64 de la moindre choſe qui ſoit ſur la terre, voyre

105 654 685 68 dés oyſeaux du ciel: combien plus de ſés enfans?

107 703 682 64 Si le vouloir d’iceluy eſt tel qu’il laiſſe tomber

107 749 683 70 és mains dés ennemys, fault il reſiſter à ſon ordõ

106 805 679 56 nance, ou murmurer à lencontre de luy? nẽny

106 850 685 66 certes. Pourquoy dõcques reſiſtes tu à ſon vou

106 896 687 69 loir & à ſon ordonnance qui n'eſt en toy l'eui¬

106 948 687 60 ter, veu que le ciel, la terre, la mer, & toutes

106 992 691 69 choſes qui ſont en icelles ſont creées par la ſeu

104 1040 686 70 le parolle d’iceluy, diſant: la choſe, & a eſté

107 1089 686 67 faicte. Et toy, ver de terre, paoure miſerable

108 1138 685 70 pleĩ de peché et d’iniquité, defferas ce qui a eſté

108 1189 688 64 faict et ordõné d'vn tel Prĩce et Roy de toutes

104 1232 685 75 choſes, tu reſiſteras à ſõ vouloir diſãt. Pourquoy

109 1282 688 80 fait il cecy? L’ouurage dira à celuy qui l'a fait

795 455 100 64 Mat.6.

804 1024 105 51 Gene.1.

800 1226 107 67 Rom.3.

699 1337 93 58 Pour
