1088 1736
205 183 116 75 Rom 9¬

325 115 684 63 Pourquoy m’as tu faict aiſi. N'est ce pas le vou

322 159 687 68 loir du potier faire vn pot l’vn à honneur, l’au

328 206 681 71 tre à deshõneur ſans que l'œuure ſe viẽne à esle¬

321 260 685 65 uer contre ſon maiſtre? Et toy paoure creature,

322 308 685 69 qui és encore plus moidre ſans comparaiſon au

319 356 688 68 regard de ce grand pere Dieu, que non pas le

318 406 685 61 pot enuers le potier: et ce neantmoins craindras

314 451 691 70 lés hommes de confeßer Ieſus Chriſt & ſa pa¬

315 501 692 68 rolle deuant les Roys, princes & ſeigneurs qui

313 549 695 66 ne ſont rien enuers luy ſinon vent & fumée, ou

312 596 696 65 fleur deuant le ſoleil, qui eſt incontinent ſeiche et

311 645 695 65 aride auec toute ſa gloyre & beaute. Salomoh a

310 694 696 67 uec toute ſa ſageße, richeße & pompe eſt il au¬

310 745 695 64 tre choſe que pouldre? Samſon ie vous prie, a¬

309 792 695 68 uec toute ſa force, Goltath auec ſa grandeur, que

311 838 694 68 ſont ilz ſinon abbatus par celuy, qui a le bras

307 889 698 68 de toute force? En quoy ſe peuuẽt glorifier ceux

306 936 694 67 cy? ſont ilz plus ſages, riches, puiſſans & ver¬

302 985 697 66 tueux que celuy qui a abbatu et ãnichilé pl'is fort

303 1031 701 69 que eux? qu’ilz le monſtrẽt: & le Dieu dés forces

301 1085 700 63 lés deſtruyra, ſi en bref ne ſe retournent & ren¬

303 1130 698 68 dent graces à Dieu, lequel par ſa mi ſericorde

303 1178 695 70 leur en doint grace: affin que le paoure peuple

309 1229 689 70 vienne à recongnoistre vn ſeul Dieu, vne ſeule

315 1277 681 77 oy & foy, vu mediateur & aduocat, vn ſeul ſau¬

198 579 88 44 Eſa.5.

179 1216 119 68 Ephe...

180 1271 116 43 1. Tim.2

182 1305 116 51 1 Ieh.2

912 1346 85 58 ueur
