1088 1736
310 115 678 64 tout par ſa puidẽce et ſageſſe. Et oultre ce ont

307 163 680 62 la loy mahometiſte, cestaſſauoir l’Altorã de ma

307 212 680 62 homet, la tenãs cõme loy ſaincte, pure, bõne et di

307 263 677 61 uine: viuãs en icelle fort austeremẽt, ſoy gardans

306 307 679 64 de tranſgreßer lés cõstitutions et ordõnãces d'i¬

305 357 677 63 celle. Ce nonobſtant errẽt grãdement, cõme infi¬

304 403 675 65 deles: et ſi n’õt point d’occaſiõ de ſoy glorifier

303 454 676 60 en leur multitude ny obſeruatiõ de leur loy. Car

299 501 677 65 mieulx vault ẽſuyure la verité en petit nõbre meſ

298 552 681 60 me quãd n’y auroit qu’vn ſur toute laterre, auec

295 596 684 67 les bõs ſeruteurs de Ieſus: q̃ le mẽſonge en grãd

296 647 682 62 nõbre auec lés infideles. Que ſert il, ie vous prie

294 693 684 63 à ceux de Ieruſalẽ, d’auoir ſuyui Anne, Caiphe, et

294 744 680 59 Pilate, lés ſcribes et phariſiẽs en grãd nõbre, põ¬

294 790 681 61 pe et triũphe? Ne leur euſt il pas mieulx valu ſuy

292 839 683 66 ure Ieſus et ſés Apoſtres, iaçoit ce qu'ilz fußent

291 892 683 58 en petit nõbre, auec leur paourete, meſpris, et cõ

289 937 680 63 temnemẽt, que ceix là qui ſont en grãd nombre,

288 983 684 63 tãt riches, puißãs, hõnorez, et priſez, de tous lés

291 1033 680 61 ſages du monde? Ouy certes. Car tu vois que au

289 1083 681 64 tẽps de Noah, petit nõbre fut ſauué deãs l’arche

287 1131 683 62 et toute la reſte de la terre nyée. Dedãs Sodome

291 1178 679 64 peu ſuyuẽt Lothrẽcore ſa feme demeure p chemi

292 1228 679 63 la plus grãde ptie dés freres à Ioſeph õt cerché

290 1275 680 73 ſa mort:deux eſpies ſeulemẽt ſõt trouuez bõs en

167 1086 116 51 Gene.7.

166 1153 112 67 Gen.is.

168 1212 109 44 Gen.37.

168 1246 111 56 Nobas.

877 1334 96 73 Iſrael
