1088 1736
71 123 685 60 Iſraël, et lés aultres eſmeurẽt tout le peuple en ſe¬

66 169 686 62 ditiõ. Au tẽps de la grãde perſecutiõ de Thobie,

68 221 686 56 nul ne ſ'eſt trouué que le ſeul Thobie, ayant la

67 271 683 56 craĩte de Dieu. Et tout ainſi que mardochée luy

70 319 678 57 ſeul n’a voulu adorer Namã ce meſchãt garne

64 367 687 57 mẽt, cõe tout le peuple l'adoroit: ainſi n'õt vou¬

62 410 687 57 lu faire cés troys, Daniel, Azariah, & Ananiah

65 463 685 58 I'image du Roy Nabuchadnezer: leſquelz reluy

69 511 683 53 ſoiẽt au milieu dés idolatres, cõe lés estoilles du

64 561 686 57 ciel. La choſe eſt certaine, qu’il ya plus d’enfans

63 609 685 59 d’Iſmael, que de ceux d’Iſaac: et plus en a Abra¬

65 660 677 55 ham de Hagar, que de Sarra. Car touſiours le pe

61 705 685 55 tit nõbre a ſuyui le biẽ, et la multitude le mal: cõe

62 746 680 68 la ſeule lignée de Iehudah ſuyuoit la maiſon de

61 804 686 53 Dauid, en Iſrael. Et le grand nombre va aprés

62 850 685 62 lés faulx prophetes: mais peu de gens võt aprés

61 899 672 59 Helie, & Micheah. Quatre cens faulx prophe¬

60 947 677 58 tes deſſoubz Achab et Iezabel ſõt trouuez pour

61 997 681 56 maintenir leur Dieu Baal, bien nourriz & en¬

59 1046 683 54 tretenuz: mais pour maintenir l’honneur & la

64 1092 683 59 gloire du Seigneur, ou pour faire deſcendre le

62 1139 683 59 feu du ciel, et monſtrer la puiſſance du Dieu d’I¬

65 1188 641 59 ſrael: Helie le Prophete eſt trouué tout ſeul.

58 1238 683 58 Parquoy c’eſt grande folie & ignorance de Ie¬

61 1286 682 63 ſus, de vouloir alleguer cõtre nous la multitude

761 175 105 53 Tob.1.

755 303 110 54 Eſter.3.

761 429 99 65 Dan.1.3

756 658 105 44 Gen.25.

755 691 106 40 Gal.3.4

749 766 106 48 3.ro.12.

749 890 109 52 3.roy.18

748 931 106 45 &.22.

562 1337 176 73 phariſaique
