1088 1736
354 120 685 59 phariſaique et encore plus icelle vouloir enſui¬

356 170 681 56 ure. Car iamais n’a eſté que le mõde n’aye ſuiuy

355 217 683 59 & demãdé Barrabas, c'eſt aſſauoir le grãd che¬

354 266 682 60 min qui meine à perdition, & pluſieurs ſont qui

353 317 682 55 le ſuyuent: mais peu la verite, le chemin qui

353 362 682 61 meine à ſaluation, cõme aſſez appert par tout le

354 414 680 55 vieil & nouueau Teſtamẽt. Du tẽps de Moyſe

354 459 681 61 pluſieurs ſortirẽt de captiuité deſſoubz la main

352 512 675 53 de Pharaoh pour entrer à la terre laquelle leur

353 555 680 59 eſt ꝓmiſe: mais de ſix cẽtz mille cõbatans deux

350 605 683 59 ſeulement ſont qui y entrent, Caleph & leho¬

350 657 682 53 ſua: et tous les aultres n’y entrent point par leur

347 703 685 56 incredulité, ains ſont errans par les deſers mur¬

347 750 685 58 murãs & faiſans cõtre lés cõmãdemẽs de Dieu.

346 798 682 60 Car il eſt certain que pluſieurs y ſont appellez,

346 847 686 59 mais peu d’esleuz: & pluſieurs vrayement ſont

342 895 689 58 creez, mais peu de gentz ſeront ſauuez: tellemẽt

341 945 691 58 qu’il ny a biẽ peu qui ſe puiſſet nõmer vrayemẽt

341 992 690 58 chreſtiẽs, ſe glorifians en Dieu ſeul: mais pluſ¬

340 1042 690 58 toſt ſe nõmer franciſcains, dominiquaĩs, clariẽs,

340 1092 688 58 mariens, auguſtiniens, cõuentiſtes, papiſtes, ana¬

339 1140 688 55 baptiſtes et lutheriens: cõme ſ'ilz ne, tenoient riẽ

341 1186 685 61 de Ieſus, ou que leur deriuation feuſt faulſe, n’e¬

339 1237 685 57 ſtans baptiſez au nom de Chriſt. Certes tous y

336 1288 687 61 ont erre, voire nous et noz peres, ayans faulte

938 1336 87 59 de la
