1088 1736
53 101 690 66 de la grace & miſericorde de Dieu. Et lés

52 149 689 74 Iuifz qui eſtoient appellez par Ieſus Christ, ne

51 199 690 70 l'ont voulu recongnoiſtre pour leur meßias et

52 247 687 65 roy: mais en attẽdent vn aultre charnel, viſible,

54 300 687 64 & temporel, qui vienne en grande auctorité et

54 347 687 64 pompe auec cheuaux, chariotz, armées, baſtons,

54 394 687 67 bombardes, & artillerie, pour ruyner, deſtruy¬

54 446 690 64 re, brusler & meurdrir, ayant vn royaume du

54 490 689 69 tout charnel & du monde, faiſant la reſtitution

55 541 690 68 de Ieruſalem, charnelle & temporelle: ſe glori¬

56 589 690 69 fians en leur nom, Iuifz, voyans, ayans lés eſcri

57 636 689 71 ptures à eux peculieres, ſoy diſans lés entendre

57 685 691 72 et auoir d'icelles plus d’intelligẽce que nulle aul

55 736 694 69 tre natiõ de la terre, tant par les prophetes que

57 781 689 71 aultres qui ſont ſortis de leurs peres. Ayãs auſ¬

61 830 685 74 ſi lés promeſſes faictes à leur pere Abraham &

62 877 691 70 à ſa ſemence, duquel ſont fortis, ſe nommans filz

63 927 687 68 d’Abraham, croyãs à vn ſeul Dieu, lequel meſ

62 975 693 73 me ont en ſi grande reuerence, que tant ſeulemẽt

63 1025 693 67 ne l'oſent proferer & nommer: mais au lieu de

67 1070 686 73 dire lehouah, diſent Adonay, l’Eternel, ſe parfor

66 1118 690 78 çans de garder toute la loy de Moyſe, lés ſab¬

66 1167 686 77 batz, lauementz, années, figures & circonciſiõ,

70 1218 679 75 voyre iuſque à ne manger chair de pourceau.

69 1269 679 77 Ainſi que le Pape & lés ſiens font aucuns iours

761 1106 108 61 Deu.14.

761 1157 110 39 Leui.11.

759 1187 81 44 & 12.

759 1219 109 52 De cõſe

761 1264 116 38 diſt.5.c.2

763 1295 110 55 Carnem.

562 1317 203 66 c par
