1088 1736
368 111 685 65 par luy defendus, apprenãs ẽcore à iudaiſer, com

369 162 687 61 ſi Chriſt n'eſtoit ẽcore venu, ꝗ eſt choſe fort hor

370 210 686 63 rible & eſpouẽtable, grande miſere et blaſpheme

368 258 687 65 à penſer, ainſi qu'il a cõmandé à la diſt. 4. chap.

372 309 681 63 Deniꝙ. Que nulle ꝑſõne oſe mãger chair, œufz

367 357 686 64 fromages, ne choſe de laict, deſpuis la quĩquage

364 407 691 61 ſime iuſque à paſques. Cecy n’eſt pas tãt ſeulemẽt

370 451 681 61 cõmãdé à tous cõtre le cõmãdemẽt de dieu: mais

368 503 683 61 q̃ nul Chartreux, nul Celeſtin, nul lacopin, nulle

362 552 689 59 ſœur collecte, nul dés enfumés, Minimes n’aultres

357 600 692 61 moines iamais ne mãgeußẽt chair. de cõſec. diſt.

359 649 689 62 quĩta. cap. Carnẽ. Cecy eſt ordõné du Pape ꝑ bõ

355 697 693 61 reſpect ainſi que toutes lés ordõnãces ſont, & à

354 747 694 58 celle fin qu’on ſe retire a Dieu. Car nous ordõ¬

353 795 694 58 nons & cõmandõs, que le villain (c'eſt adire ce¬

351 842 696 63 luy qui gaigne ſa vie pour ſon trauail) ſoit tant

350 892 694 63 preßé et aggraué de pẽſiõs et d’aultres choſes, ꝗl

353 941 689 60 ſoit cõtreinct de ſe retirer à Dieu. 23. q. 8. Iam ve

347 988 694 62 ro. Et pour ceſte raiſon ſusdicte le Pape a ordõ

346 1037 692 60 né la. x. partie de tous biẽs eſtre dõnee aux pre¬

345 1084 686 65 ſtres. C'eſtaſſauoir blé, graĩs, foin, fruictz, laines,

343 1135 692 63 peſcheries, moulins, gages, et de toute marchãdiſe

332 1183 703 62 ou vẽte de maiſõs, chãps, vignes, fours, trop peaux

337 1231 697 59 de beſtial, de mouches à miel, de la chaſſe, de la

336 1278 697 73 gẽdarmerie, c'eſt dés gages qu'ilz ont. Brief, il ne

251 301 102 38 diſt.4.c

249 332 111 52 Deniꝙ.

247 454 116 65 1.Ti.4.

925 1339 106 57 reſtoit
