1088 1736
41 135 699 65 reſtoit plus que la X. ꝑtie dés fẽmes: cõbien que

42 189 696 57 en aucũs lieux ſont biẽ ſi hardis de ſe vãter que

40 231 696 67 ilz ont le tout: nais de ſe marier cõe Dieu cõmã¬

45 282 692 62 de, leur eſt defendu à la diſt. 34 Is qui. cap. Chri¬

43 331 693 65 ſtiano. Si quis nõ habet vxorẽ habeat cõcubinã.

49 382 695 59 Cela leur eſt aſſez ꝑmis, mais d'en auoir vne le¬

50 433 690 57 gitime celà ſent le feu & ſon hereſie. Voyes la 23

51 479 696 58 q. 7. cap. Nõ eſt. Ex trãſmißa a nobis paſtorali

49 533 687 52 bus. & aux aultres cha. De decim. primiciis, &

50 578 691 56 oblationibus. Veu que dés Iuifz requeroit plus

51 625 693 62 ãple declaratiõ, la laiſſe pour le preſẽt à ceux qui

51 678 691 57 plus ãplemẽt que moy ont labouré en leur lãgue:

51 726 691 57 cõe mũſtere en ſõ ꝓlogue de S. Mat. car en cecy

52 772 690 60 ie ne taſche à aultre choſe ſinõ de mõſtrer Ieſus

54 822 689 57 Chriſt, et iceluy crucifié, et qu’en vain et ſãs cau

57 868 686 62 ſe eſt ſeruy ꝑ aultres loix et ordõnãces que ꝑ lés

54 920 690 58 ſiẽnes, ou que ꝑ aultre moiẽ, on cerche ſalut qu’ẽ

55 969 687 57 luy, deteſtant toute aultre conſtitution & ordõ

55 1018 689 56 nance que la ſienne, laquelle eſt immuable. Lés

59 1065 688 53 queſtres ſe diſent mieulx viure en leur maniere

60 1115 693 56 de faire ſelon verité, que ceux qu’on nommoit

64 1165 689 55 Valdenſes, Picars ou Turelupins, leſquelz ont

61 1213 693 59 regné deſpuis le temps dés Apostres fugitifz de¬

64 1258 691 62 çà et delà, à cauſe des grãdes et cruelles perſecu

61 1306 693 71 tiõs qu'on leur a faict et ont eſté et ſont encore

743 224 104 56 1.Cor.7

778 307 80 44 Nota

749 342 108 70 diſti.34.

537 1361 221 65 c2 eſgarez
