1088 1736
376 146 690 58 eſgarez parmy la terre, cõme paoures brebis er

377 197 689 49 rantes ſans paſteur. Et iamais eux ne leurs peres

377 244 692 56 n’õt creu ne dõné foy à la loy papale ne aux cere

375 296 685 51 monies d'icelle: mais ont mieux aymé fuyr &

377 344 690 53 endurer tormẽs et perſecutions, que d’enſuyure

376 391 690 56 ceſte meſchante Idole de Rome. Ie dy cecy, affin

375 439 690 51 que nul ne penſe eſtre choſe nouuelle reiecter la

373 488 694 60 loy papale. Cõbien que ie cõfeſſe qu'ilz ont erré

372 537 693 56 iuſque à maintenant en aucunes choſes, par faul

370 586 693 52 te de bõne intelligẽce: attribuãs aux creatures ce

370 634 691 55 qui appartient tant ſeulement au createur. Cõme

368 681 694 58 font encore de preſent aucuns anabaptiſtes, leſ¬

367 732 693 53 quelz reiectent & renoncent pleinemẽt & ou¬

366 776 694 57 uertement l'eslection de Dieu, ſ'attribuans puiſ¬

369 825 689 58 ſance & liberal arbitre de ſe pouuoir ſauuer ou

363 873 694 58 damner: cõme ſ'il y auoit pluſieurs ſauueurs, ou

363 924 693 57 aultre ſauueur q̃ Ieſus, diſans auoir iuſtification

365 970 684 60 ꝑ leurs œuures et merites. Eſtablißãs de rechef

364 1022 689 56 vne aultre nouuelle papiſterie, pire q̃ la premie

360 1070 693 58 re, plus dãgereuſe, plus fine et plus coulorée de

361 1119 688 57 ſaincteté que ne feut iamais celle du Pape. veu

358 1165 690 61 qu’ilz ſ’areſtent totalement à la foy de Ieſus

358 1214 690 62 Chriſt, par laquelle ſeule ſommes iuſtifiez ſans

359 1263 688 59 deſſerte & ſans lés œuures de la loy. Tellement

356 1311 690 72 que ne pouuons eſtre plaiſans à Dieu ſans icelle

242 1253 106 50 Rom.3.

976 1358 65 71 foy.
