<?xml version="1.0" encoding="UTF-8"?>
<alto xmlns:xsi="http://www.w3.org/2001/XMLSchema-instance"
      xmlns="http://www.loc.gov/standards/alto/ns-v4#"
      xsi:schemaLocation="http://www.loc.gov/standards/alto/ns-v4# http://www.loc.gov/standards/alto/v4/alto-4-2.xsd">
  <Description>
    <MeasurementUnit>pixel</MeasurementUnit>
    <sourceImageInformation>
      <fileName>38_f7741_default.jpg</fileName>
      <fileIdentifier>https://www.e-rara.ch/i3f/v20/4252786/full/full/0/default.jpg</fileIdentifier>
    </sourceImageInformation>
  </Description>
  <Tags>
    <OtherTag ID="BT8" LABEL="DamageZone" DESCRIPTION="block type DamageZone"/><OtherTag ID="BT10" LABEL="DropCapitalZone" DESCRIPTION="block type DropCapitalZone"/><OtherTag ID="BT11" LABEL="GraphicZone" DESCRIPTION="block type GraphicZone"/><OtherTag ID="BT12" LABEL="MainZone" DESCRIPTION="block type MainZone"/><OtherTag ID="BT13" LABEL="MarginTextZone" DESCRIPTION="block type MarginTextZone"/><OtherTag ID="BT15" LABEL="NumberingZone" DESCRIPTION="block type NumberingZone"/><OtherTag ID="BT17" LABEL="QuireMarksZone" DESCRIPTION="block type QuireMarksZone"/><OtherTag ID="BT18" LABEL="RunningTitleZone" DESCRIPTION="block type RunningTitleZone"/><OtherTag ID="BT20" LABEL="StampZone" DESCRIPTION="block type StampZone"/><OtherTag ID="BT22" LABEL="TitlePageZone" DESCRIPTION="block type TitlePageZone"/><OtherTag ID="BT2697" LABEL="MarginTextZone:handwrittenAddition" DESCRIPTION="block type MarginTextZone:handwrittenAddition"/>
    <OtherTag ID="LT8" LABEL="DefaultLine" DESCRIPTION="line type DefaultLine"/><OtherTag ID="LT9" LABEL="DropCapitalLine" DESCRIPTION="line type DropCapitalLine"/><OtherTag ID="LT10" LABEL="HeadingLine" DESCRIPTION="line type HeadingLine"/>
  </Tags>
  <Layout>
    <Page WIDTH="1088"
          HEIGHT="1736"
          PHYSICAL_IMG_NR="38"
          ID="eSc_dummypage_">
      <PrintSpace HPOS="0"
                  VPOS="0"
                  WIDTH="1088"
                  HEIGHT="1736">
        <TextBlock HPOS="33"
                   VPOS="93"
                   WIDTH="758"
                   HEIGHT="1247"
                   ID="eSc_textblock_a92f1079"
                   TAGREFS="BT12">
          <Shape><Polygon POINTS="33 103 76 1340 791 1313 746 93"/></Shape>
          <TextLine ID="eSc_line_6bad9309"
                    TAGREFS="LT8"
                    BASELINE="52 144 738 129 739 129" 
                    HPOS="49"
                    VPOS="82"
                    WIDTH="688"
                    HEIGHT="80">
            <Shape><Polygon POINTS="50 143 50 162 396 147 436 154 474 146 736 146 737 128 734 88 668 82 639 92 552 92 529 85 500 94 489 85 483 85 441 95 393 86 361 96 334 88 321 98 254 89 117 102 54 94 49 98 50 143"/></Shape>
	    <String CONTENT="foy. Car qui eſt ſoubz la loy, il est encore ſouls"
                    HPOS="49"
                    VPOS="82"
                    WIDTH="688"
                    HEIGHT="80"
                    WC="0.9861239492893219"></String>
          </TextLine>
          <TextLine ID="eSc_line_02f4faa1"
                    TAGREFS="LT8"
                    BASELINE="46 193 510 181 744 179" 
                    HPOS="44"
                    VPOS="140"
                    WIDTH="700"
                    HEIGHT="70">
            <Shape><Polygon POINTS="46 193 46 203 86 210 87 210 119 203 132 208 133 208 134 208 208 207 209 207 210 207 217 201 218 199 254 198 305 198 312 200 323 204 324 204 325 204 359 199 386 196 411 199 433 201 434 201 435 201 445 198 462 194 524 197 527 197 528 197 529 197 544 192 585 197 593 197 594 197 600 196 640 190 661 196 663 196 664 196 665 196 744 194 744 179 742 150 667 140 666 140 665 140 664 140 653 147 631 141 630 141 629 141 628 141 627 141 613 150 612 151 607 150 570 144 569 144 568 144 567 144 556 151 552 153 529 151 515 150 514 150 513 150 510 151 500 155 479 151 462 149 462 149 461 149 460 149 456 152 448 157 410 157 396 152 379 147 378 147 377 147 327 149 326 149 326 149 322 153 314 160 288 161 190 162 185 157 184 157 183 157 182 157 156 162 132 154 129 153 128 153 127 153 126 153 123 154 102 162 44 155 46 193"/></Shape>
	    <String CONTENT="le pedagogue: &amp; ſi ſommes circõcis, Chriſt ne"
                    HPOS="44"
                    VPOS="140"
                    WIDTH="700"
                    HEIGHT="70"
                    WC="0.9551438443038774"></String>
          </TextLine>
          <TextLine ID="eSc_line_f7dac050"
                    TAGREFS="LT8"
                    BASELINE="46 242 739 227" 
                    HPOS="45"
                    VPOS="191"
                    WIDTH="694"
                    HEIGHT="65">
            <Shape><Polygon POINTS="46 242 46 249 136 256 137 256 231 253 232 253 233 253 244 246 244 245 422 243 428 244 454 249 455 249 492 244 584 246 585 246 586 246 598 241 603 239 618 241 652 244 653 244 739 238 739 227 737 199 692 191 691 191 660 197 598 195 597 195 596 195 595 195 588 202 570 202 559 194 558 194 557 194 556 194 505 203 392 199 391 199 390 199 367 207 294 207 277 200 276 200 275 200 274 200 247 208 238 201 237 201 236 201 235 201 202 202 201 202 175 210 137 203 136 203 45 213 46 242"/></Shape>
	    <String CONTENT="nous prouffite en rien. Certes cés paoures chre¬"
                    HPOS="45"
                    VPOS="191"
                    WIDTH="694"
                    HEIGHT="65"
                    WC="0.9690780566663159"></String>
          </TextLine>
          <TextLine ID="eSc_line_6c20c302"
                    TAGREFS="LT8"
                    BASELINE="49 290 498 279 743 277" 
                    HPOS="47"
                    VPOS="238"
                    WIDTH="696"
                    HEIGHT="66">
            <Shape><Polygon POINTS="49 290 49 304 88 298 178 302 191 302 192 302 210 301 339 293 411 298 415 298 416 298 417 298 418 298 426 292 461 295 462 295 462 295 484 290 521 296 524 296 525 296 526 296 527 296 540 291 569 294 570 294 571 294 571 294 580 288 593 293 594 293 595 293 670 287 742 291 743 277 740 238 622 248 568 248 558 242 557 242 556 242 530 242 529 242 526 242 494 249 407 244 404 244 403 244 402 244 383 252 356 247 355 247 264 254 243 247 242 247 241 247 240 247 195 248 194 248 193 248 193 249 186 256 151 252 150 252 81 258 73 251 72 251 71 251 70 251 47 251 49 290"/></Shape>
	    <String CONTENT="ſtiens &amp; fideles ont touſiours eſté contreinctz"
                    HPOS="47"
                    VPOS="238"
                    WIDTH="696"
                    HEIGHT="66"
                    WC="0.9807687637706598"></String>
          </TextLine>
          <TextLine ID="eSc_line_6c42bc31"
                    TAGREFS="LT8"
                    BASELINE="49 339 744 325" 
                    HPOS="48"
                    VPOS="288"
                    WIDTH="696"
                    HEIGHT="66">
            <Shape><Polygon POINTS="49 339 49 348 93 354 94 354 95 354 110 350 221 352 222 352 223 352 240 345 244 344 256 345 289 349 290 349 316 344 328 342 333 344 345 349 346 349 347 349 348 349 365 343 374 341 383 343 402 347 403 347 404 347 414 343 422 340 476 342 520 343 521 343 553 340 606 336 627 339 650 343 651 343 743 337 744 325 742 297 670 288 669 288 668 288 639 298 597 298 572 290 571 290 571 290 570 290 541 300 496 300 466 292 465 292 464 292 430 293 429 293 408 302 370 295 369 295 368 295 343 304 303 304 285 296 284 296 283 296 282 296 281 296 281 297 272 305 232 306 159 298 158 298 157 298 138 308 117 299 116 299 115 299 81 304 71 300 70 300 69 300 68 300 48 309 49 339"/></Shape>
	    <String CONTENT="d&#x27;eſtre ſeparez dés aultres hõmes, et d’ouyr la pa"
                    HPOS="48"
                    VPOS="288"
                    WIDTH="696"
                    HEIGHT="66"
                    WC="0.9899498499356784"></String>
          </TextLine>
          <TextLine ID="eSc_line_66dccba7"
                    TAGREFS="LT8"
                    BASELINE="51 387 744 373" 
                    HPOS="49"
                    VPOS="336"
                    WIDTH="695"
                    HEIGHT="63">
            <Shape><Polygon POINTS="51 387 51 399 235 392 293 396 306 397 307 397 308 397 312 396 333 390 397 394 409 395 410 395 411 395 412 395 413 394 422 388 454 393 460 394 461 394 462 394 464 393 483 387 489 392 490 392 491 392 492 392 533 386 580 391 581 391 582 391 583 391 606 386 687 389 688 389 689 389 690 389 691 389 699 384 743 388 744 373 741 336 692 346 687 342 686 342 685 342 684 342 630 347 611 340 605 338 604 338 603 338 602 338 596 341 577 349 510 350 489 344 477 341 476 341 475 341 418 342 380 348 349 352 340 349 327 344 326 344 326 344 325 344 300 351 291 352 267 352 243 351 242 351 241 351 234 352 223 355 192 354 98 349 97 349 96 349 95 349 82 357 81 359 49 359 51 387"/></Shape>
	    <String CONTENT="rolle de Dieu en ſecret, ſ&#x27;ilz l&#x27;ont voulu ouyr: et"
                    HPOS="49"
                    VPOS="336"
                    WIDTH="695"
                    HEIGHT="63"
                    WC="0.979813250840879"></String>
          </TextLine>
          <TextLine ID="eSc_line_f1f5540b"
                    TAGREFS="LT8"
                    BASELINE="53 436 744 422" 
                    HPOS="51"
                    VPOS="386"
                    WIDTH="693"
                    HEIGHT="67">
            <Shape><Polygon POINTS="53 436 53 453 81 448 111 453 113 453 114 453 115 453 116 453 133 446 141 452 141 453 142 453 143 453 144 453 159 452 245 443 310 448 322 449 323 449 324 449 326 448 339 441 380 445 381 445 448 439 462 445 465 446 466 446 467 446 468 446 472 445 490 437 535 437 542 443 543 443 543 444 544 444 544 444 545 444 556 443 607 435 647 441 652 441 653 441 662 440 719 434 743 438 744 422 742 393 624 386 623 386 622 386 603 396 601 397 554 397 553 397 537 388 536 388 535 388 500 394 466 389 465 389 464 389 463 389 452 399 451 400 380 400 380 400 367 392 366 392 365 392 340 392 339 392 338 392 337 392 337 393 327 401 314 397 313 397 312 397 311 397 310 397 305 402 304 402 274 394 273 394 272 394 207 401 190 395 190 395 189 395 188 395 168 405 167 405 144 396 143 396 142 396 51 406 53 436"/></Shape>
	    <String CONTENT="principalemẽt la nuict, à cauſe des grandes per¬"
                    HPOS="51"
                    VPOS="386"
                    WIDTH="693"
                    HEIGHT="67"
                    WC="0.9359697574377059"></String>
          </TextLine>
          <TextLine ID="eSc_line_fc434eba"
                    TAGREFS="LT8"
                    BASELINE="55 486 745 471" 
                    HPOS="54"
                    VPOS="432"
                    WIDTH="691"
                    HEIGHT="69">
            <Shape><Polygon POINTS="55 486 55 501 87 495 179 500 191 500 192 500 193 500 195 499 217 491 284 490 325 497 329 497 330 497 386 495 387 495 399 488 407 495 408 495 408 495 409 495 464 494 465 494 466 494 466 493 474 488 558 489 559 489 591 485 601 489 602 489 603 489 652 483 677 489 678 489 679 489 680 489 680 489 681 489 692 485 744 488 745 471 743 437 720 432 719 432 718 432 717 432 716 432 707 439 706 441 699 439 690 436 689 436 688 436 687 436 680 439 675 443 620 443 617 441 608 434 607 434 606 434 605 434 604 434 603 434 592 442 590 442 572 438 571 438 571 438 554 443 545 445 542 443 526 435 525 435 524 435 486 444 470 436 469 436 468 436 467 436 446 445 444 446 439 446 382 438 381 438 307 447 285 440 284 440 283 440 267 441 266 441 265 441 253 451 252 452 240 452 239 451 227 442 226 442 225 442 224 442 223 442 191 452 188 453 182 452 142 447 141 447 140 447 139 447 130 454 127 454 76 445 75 445 74 445 54 454 55 486"/></Shape>
	    <String CONTENT="ſecutiõs qu’on leur faiſoit, lés eſtimãs hors de la"
                    HPOS="54"
                    VPOS="432"
                    WIDTH="691"
                    HEIGHT="69"
                    WC="0.9898113166844403"></String>
          </TextLine>
          <TextLine ID="eSc_line_c31afc25"
                    TAGREFS="LT8"
                    BASELINE="58 537 245 529 746 518" 
                    HPOS="56"
                    VPOS="485"
                    WIDTH="690"
                    HEIGHT="65">
            <Shape><Polygon POINTS="58 537 58 550 93 549 94 549 95 549 102 543 131 548 132 548 180 542 217 548 220 548 221 548 226 548 272 540 337 545 342 545 343 545 344 545 345 545 357 537 384 537 409 543 410 543 411 543 421 543 454 542 455 542 456 542 463 536 498 542 499 542 500 542 501 542 520 534 544 541 544 541 545 541 546 541 547 541 547 540 553 535 571 540 572 540 573 540 574 540 593 533 626 539 627 539 628 539 629 539 645 531 655 538 656 538 657 538 658 538 700 531 744 536 746 518 744 489 717 485 716 485 715 485 700 489 697 490 683 490 625 488 624 488 573 492 559 493 557 492 548 487 547 487 546 487 545 487 544 487 532 491 491 488 490 488 489 488 472 494 463 496 456 494 438 489 437 489 436 489 435 489 435 489 426 495 422 497 400 495 356 491 355 491 354 491 338 496 328 499 289 497 227 494 226 494 225 494 224 494 218 498 213 502 201 499 189 495 188 495 187 495 161 500 136 504 127 500 122 498 121 498 120 498 56 501 58 537"/></Shape>
	    <String CONTENT="foy &amp; chreſtienté, pires qu&#x27;infideles, remyans le¬"
                    HPOS="56"
                    VPOS="485"
                    WIDTH="690"
                    HEIGHT="65"
                    WC="0.9778616182944354"></String>
          </TextLine>
          <TextLine ID="eSc_line_1897684e"
                    TAGREFS="LT8"
                    BASELINE="60 582 748 569" 
                    HPOS="59"
                    VPOS="534"
                    WIDTH="689"
                    HEIGHT="66">
            <Shape><Polygon POINTS="60 582 60 600 97 600 97 599 98 599 99 599 100 598 111 591 147 597 157 598 158 598 178 597 179 597 180 597 181 596 189 590 204 596 207 596 208 596 209 596 210 596 213 596 226 589 270 594 293 596 294 596 295 596 308 593 329 587 361 591 389 594 390 594 391 594 400 590 409 585 469 585 477 587 491 592 492 592 493 592 494 592 495 592 502 586 506 583 514 586 522 589 523 589 524 589 525 589 537 585 544 583 556 585 592 590 593 590 594 590 595 590 602 583 603 582 650 581 651 582 662 588 663 588 664 589 692 589 692 588 693 588 694 588 694 587 702 580 704 579 748 579 748 569 746 542 692 536 691 536 690 536 689 536 679 542 642 542 626 534 625 534 625 534 601 534 600 534 599 534 573 544 550 544 502 536 501 536 500 536 479 544 437 541 436 541 402 547 306 540 305 540 304 540 285 549 256 550 158 542 157 542 156 542 132 551 72 544 71 544 70 544 69 544 59 552 60 582"/></Shape>
	    <String CONTENT="ſus &amp; ſon euãgile. Et pour ceſte cauſe leur a on"
                    HPOS="59"
                    VPOS="534"
                    WIDTH="689"
                    HEIGHT="66"
                    WC="0.9943970332340318"></String>
          </TextLine>
          <TextLine ID="eSc_line_6922b463"
                    TAGREFS="LT8"
                    BASELINE="58 632 749 617" 
                    HPOS="57"
                    VPOS="580"
                    WIDTH="692"
                    HEIGHT="67">
            <Shape><Polygon POINTS="58 632 58 647 131 647 134 647 169 639 176 645 177 645 178 645 179 645 231 637 260 641 261 641 262 641 273 636 281 640 282 640 283 640 366 635 400 641 402 641 403 641 404 641 405 641 421 635 427 640 428 640 429 640 430 640 431 640 459 632 571 637 574 637 575 637 576 637 577 637 589 629 615 636 616 636 617 636 620 636 722 627 747 633 749 617 747 582 723 580 722 580 721 580 715 582 699 589 677 584 665 581 664 581 663 581 657 584 652 587 640 585 626 582 625 582 625 582 624 582 620 585 613 590 579 586 562 585 561 585 560 585 551 587 530 593 515 588 506 586 505 586 504 586 480 589 443 595 426 591 408 587 408 587 407 587 406 587 406 588 401 592 396 596 360 593 315 589 314 589 313 589 293 595 281 598 226 599 199 597 168 595 167 595 166 595 165 595 160 598 157 600 154 598 144 593 143 593 142 593 141 593 110 599 106 600 102 600 70 595 69 595 68 595 57 599 58 632"/></Shape>
	    <String CONTENT="ipoſé ce nom vauldois, ſorciers, et pauperes de"
                    HPOS="57"
                    VPOS="580"
                    WIDTH="692"
                    HEIGHT="67"
                    WC="0.9633276003102461"></String>
          </TextLine>
          <TextLine ID="eSc_line_80105729"
                    TAGREFS="LT8"
                    BASELINE="59 680 750 667" 
                    HPOS="58"
                    VPOS="628"
                    WIDTH="692"
                    HEIGHT="70">
            <Shape><Polygon POINTS="59 680 59 693 108 698 108 698 186 696 187 696 199 691 207 688 223 691 251 695 252 695 253 695 265 690 272 687 298 689 335 693 336 693 337 693 354 688 368 685 385 688 400 690 401 690 402 690 403 690 406 687 411 683 508 682 518 685 529 689 530 689 531 689 532 689 539 685 544 682 556 685 569 688 570 688 571 688 571 688 578 684 585 681 594 684 602 687 603 687 604 687 605 687 613 684 622 680 628 684 634 687 635 687 636 687 653 683 672 679 680 683 687 686 688 686 689 686 749 681 750 667 748 628 714 628 713 628 712 628 711 628 711 629 698 637 669 630 664 629 663 629 602 632 601 632 600 632 591 640 500 641 478 635 469 633 468 633 467 633 445 636 403 643 380 638 364 635 363 635 345 639 325 645 283 645 271 641 257 637 256 637 255 637 227 638 226 638 215 643 205 647 187 644 160 639 159 639 125 646 106 649 58 648 59 680"/></Shape>
	    <String CONTENT="Lugduno: diſans qu&#x27;ilz tiennẽt vne meſchãte ſe¬"
                    HPOS="58"
                    VPOS="628"
                    WIDTH="692"
                    HEIGHT="70"
                    WC="0.9825215935707092"></String>
          </TextLine>
          <TextLine ID="eSc_line_fb67623f"
                    TAGREFS="LT8"
                    BASELINE="61 730 750 715" 
                    HPOS="59"
                    VPOS="680"
                    WIDTH="691"
                    HEIGHT="65">
            <Shape><Polygon POINTS="61 730 61 737 106 745 107 745 146 744 147 744 167 736 197 743 198 743 199 743 200 743 212 735 244 742 244 742 333 732 337 732 341 732 410 735 411 735 437 731 455 736 456 736 457 736 500 730 552 735 553 735 554 735 569 728 581 734 582 734 583 734 584 734 610 727 613 727 616 727 656 733 657 733 658 733 659 733 669 728 718 731 719 731 750 724 750 715 747 684 646 689 641 686 631 680 630 680 629 680 628 680 627 680 626 680 618 686 613 689 569 688 522 686 521 686 495 689 465 693 456 690 437 684 436 684 435 684 435 684 434 684 434 685 427 691 423 694 404 691 393 690 392 690 391 690 387 692 380 695 374 692 362 686 361 686 336 686 335 686 334 686 333 686 326 693 325 694 236 698 223 695 197 689 196 689 195 689 177 694 156 690 155 690 154 690 153 690 146 696 121 691 120 691 119 691 104 697 70 692 69 692 68 692 67 692 59 696 61 730"/></Shape>
	    <String CONTENT="cte, leur ſynagogue la nuict, mangeans leurs en¬"
                    HPOS="59"
                    VPOS="680"
                    WIDTH="691"
                    HEIGHT="65"
                    WC="0.9786363827685515"></String>
          </TextLine>
          <TextLine ID="eSc_line_8714c4b6"
                    TAGREFS="LT8"
                    BASELINE="66 778 752 764" 
                    HPOS="65"
                    VPOS="728"
                    WIDTH="687"
                    HEIGHT="68">
            <Shape><Polygon POINTS="66 778 66 796 86 796 86 795 87 795 88 795 98 787 117 794 118 794 119 794 120 794 124 793 147 788 188 791 212 793 213 793 228 790 263 782 360 781 415 782 419 784 429 788 430 788 431 788 432 788 453 783 467 779 479 782 501 787 502 787 503 787 546 786 547 786 548 786 559 779 561 779 587 784 588 784 674 777 707 783 707 783 708 783 709 783 725 773 752 772 752 764 750 732 658 728 657 728 603 734 602 734 555 728 554 728 499 730 498 730 497 730 488 736 441 731 440 731 439 731 421 736 409 731 408 731 408 731 407 731 378 739 341 739 327 732 326 732 326 732 325 732 299 740 298 741 288 741 242 741 221 734 220 734 219 734 176 735 175 735 161 743 156 743 71 737 70 737 69 737 68 737 68 738 67 738 65 740 66 778"/></Shape>
	    <String CONTENT="fans, et faiſans aultres choſes diſſolues. Tellemẽt"
                    HPOS="65"
                    VPOS="728"
                    WIDTH="687"
                    HEIGHT="68"
                    WC="0.9654590028982896"></String>
          </TextLine>
          <TextLine ID="eSc_line_dbd546e1"
                    TAGREFS="LT8"
                    BASELINE="63 826 753 813" 
                    HPOS="62"
                    VPOS="778"
                    WIDTH="691"
                    HEIGHT="64">
            <Shape><Polygon POINTS="63 826 63 842 153 834 171 840 172 840 173 840 174 840 236 835 250 838 259 840 260 840 273 838 292 834 301 837 305 838 306 838 307 838 308 838 313 836 332 830 360 834 361 834 362 834 363 834 369 828 509 826 558 830 580 831 581 831 582 831 583 831 586 829 591 825 596 829 601 833 602 833 603 833 604 833 637 827 648 826 655 827 676 830 677 830 694 826 706 823 709 825 715 830 716 830 717 830 718 831 739 831 739 830 740 830 753 824 753 813 751 778 703 778 702 778 701 778 697 779 676 786 662 782 661 782 660 782 659 782 658 782 651 787 618 783 617 783 577 788 569 783 568 783 567 783 566 783 561 783 517 789 508 785 504 783 503 783 477 783 476 783 475 783 474 783 470 786 463 791 441 791 407 787 380 785 380 785 379 785 367 788 353 793 292 790 272 790 272 790 271 790 266 791 254 795 245 792 233 787 232 787 231 787 180 788 179 788 165 794 159 797 153 795 137 789 136 789 136 789 135 789 134 789 125 796 62 797 63 826"/></Shape>
	    <String CONTENT="qu&#x27;vn cõmun prouerbe en est venu, qui tient ſi"
                    HPOS="62"
                    VPOS="778"
                    WIDTH="691"
                    HEIGHT="64"
                    WC="0.9749899265613962"></String>
          </TextLine>
          <TextLine ID="eSc_line_ba7333db"
                    TAGREFS="LT8"
                    BASELINE="63 875 755 863" 
                    HPOS="62"
                    VPOS="824"
                    WIDTH="693"
                    HEIGHT="66">
            <Shape><Polygon POINTS="63 875 63 883 114 890 115 890 116 890 117 890 128 883 141 888 142 888 143 888 243 881 285 886 286 886 287 886 311 880 380 885 380 885 381 885 382 885 382 884 389 878 423 884 424 884 465 877 475 883 476 883 477 883 478 883 513 877 533 882 534 882 535 882 536 882 537 882 544 875 605 874 647 880 648 880 755 870 755 863 753 829 653 824 652 824 652 824 630 831 622 834 614 832 598 827 598 827 597 827 564 833 551 835 545 833 528 827 527 827 492 827 491 827 490 827 473 835 470 836 468 835 451 828 450 828 449 828 448 828 447 828 435 836 433 838 429 836 417 830 416 830 415 830 387 831 386 831 385 831 385 832 380 837 378 840 353 840 351 838 336 830 335 830 334 830 290 831 289 831 269 840 265 840 260 840 246 836 245 836 244 836 244 836 230 840 224 842 185 842 183 841 161 834 160 834 159 834 158 834 157 834 147 842 146 843 119 843 117 842 100 835 99 835 98 835 97 835 96 835 82 843 81 844 62 844 63 875"/></Shape>
	    <String CONTENT="tiẽne: leur attribuãt qu’ilz ne font nulle differẽce"
                    HPOS="62"
                    VPOS="824"
                    WIDTH="693"
                    HEIGHT="66"
                    WC="0.9675086476586082"></String>
          </TextLine>
          <TextLine ID="eSc_line_9229c319"
                    TAGREFS="LT8"
                    BASELINE="70 924 500 915 755 915" 
                    HPOS="69"
                    VPOS="870"
                    WIDTH="686"
                    HEIGHT="70">
            <Shape><Polygon POINTS="70 924 70 936 126 940 127 940 128 940 136 936 142 932 152 936 161 939 162 939 163 939 163 939 177 935 193 931 217 935 237 938 238 938 239 938 244 935 253 930 290 934 300 935 301 935 302 935 306 934 322 929 340 934 351 936 352 936 368 933 383 931 399 933 413 935 414 935 415 935 422 933 439 927 464 932 474 934 475 934 485 932 514 926 532 932 534 932 535 932 536 932 537 932 538 932 545 925 637 924 646 929 647 929 648 929 649 929 650 929 651 929 660 923 696 930 698 930 699 930 700 930 701 930 718 922 754 929 755 915 754 880 707 870 707 870 651 881 648 882 579 882 577 882 558 876 557 876 556 876 523 883 520 883 519 883 510 874 509 874 508 874 476 874 475 874 434 875 433 875 416 884 413 886 355 886 351 885 333 879 332 879 331 879 302 885 294 887 285 886 244 878 243 878 242 878 227 883 212 879 211 879 210 879 209 879 190 887 184 889 173 887 136 880 136 880 135 880 119 888 114 890 69 889 70 924"/></Shape>
	    <String CONTENT="de freres à ſœurs, de peres à filles, demeres àfilz,"
                    HPOS="69"
                    VPOS="870"
                    WIDTH="686"
                    HEIGHT="70"
                    WC="0.972757176919417"></String>
          </TextLine>
          <TextLine ID="eSc_line_0598da10"
                    TAGREFS="LT8"
                    BASELINE="68 973 759 958" 
                    HPOS="67"
                    VPOS="922"
                    WIDTH="692"
                    HEIGHT="68">
            <Shape><Polygon POINTS="68 973 68 989 98 990 99 990 100 990 104 988 118 981 156 987 173 989 174 989 175 989 181 986 191 980 251 978 271 983 285 987 286 987 287 987 320 981 341 978 357 980 389 985 390 985 418 978 437 975 453 975 458 977 463 982 464 982 465 982 466 982 467 982 468 982 476 976 482 974 508 976 526 977 527 977 539 975 549 973 553 975 566 981 567 981 568 981 612 980 613 980 614 980 621 975 647 979 648 979 649 979 675 972 696 978 697 978 698 978 758 968 759 958 756 923 720 927 713 924 707 922 707 922 706 922 688 925 676 927 672 925 664 922 663 922 626 922 625 922 625 922 605 927 594 930 580 928 570 926 569 926 568 926 567 926 565 928 560 932 487 933 468 931 428 926 427 926 426 926 402 933 393 936 362 936 359 934 351 928 350 928 349 928 315 928 314 928 313 928 312 928 299 936 299 936 293 936 183 931 182 931 119 941 118 941 117 941 87 933 86 933 85 933 84 933 67 941 68 973"/></Shape>
	    <String CONTENT="de couſins à couſines, qui est vne choſe faulſe et"
                    HPOS="67"
                    VPOS="922"
                    WIDTH="692"
                    HEIGHT="68"
                    WC="0.977979464858186"></String>
          </TextLine>
          <TextLine ID="eSc_line_313e5f36"
                    TAGREFS="LT8"
                    BASELINE="71 1021 758 1007" 
                    HPOS="70"
                    VPOS="973"
                    WIDTH="688"
                    HEIGHT="64">
            <Shape><Polygon POINTS="71 1021 71 1031 117 1037 118 1037 119 1037 134 1030 135 1030 137 1030 166 1035 167 1035 200 1030 202 1030 211 1035 212 1035 213 1035 214 1035 215 1035 227 1029 229 1029 245 1029 362 1032 363 1032 364 1032 378 1027 380 1026 391 1026 462 1030 462 1030 463 1030 478 1025 480 1024 483 1025 503 1030 504 1030 505 1030 549 1023 560 1022 569 1023 600 1028 601 1028 627 1022 633 1021 646 1022 707 1026 707 1026 757 1019 758 1007 755 973 656 981 587 977 566 976 565 976 564 976 560 978 552 982 533 979 516 976 516 976 515 976 514 976 509 979 501 985 461 986 434 986 428 982 423 978 422 978 421 978 420 978 387 983 380 984 373 984 323 980 322 980 321 980 320 980 320 981 314 986 311 988 300 986 272 981 272 981 227 988 217 990 211 989 184 983 183 983 135 984 134 984 118 992 117 993 70 993 71 1021"/></Shape>
	    <String CONTENT="controuuée. Mais par les grandes tyrãnies def¬"
                    HPOS="70"
                    VPOS="973"
                    WIDTH="688"
                    HEIGHT="64"
                    WC="0.980978241811196"></String>
          </TextLine>
          <TextLine ID="eSc_line_fbabcf22"
                    TAGREFS="LT8"
                    BASELINE="75 1070 762 1057" 
                    HPOS="74"
                    VPOS="1019"
                    WIDTH="688"
                    HEIGHT="67">
            <Shape><Polygon POINTS="75 1070 75 1086 146 1085 149 1085 187 1076 257 1076 280 1083 284 1084 285 1084 286 1084 287 1084 291 1083 311 1075 354 1079 355 1079 430 1073 470 1079 481 1080 482 1080 483 1080 488 1078 509 1071 551 1077 553 1077 554 1077 555 1077 556 1077 581 1070 588 1076 590 1078 591 1078 592 1078 593 1078 594 1078 601 1076 625 1069 669 1075 683 1076 684 1076 762 1072 762 1057 760 1019 708 1028 627 1028 617 1022 613 1019 612 1019 611 1019 610 1019 609 1019 603 1022 589 1029 570 1024 569 1024 568 1024 567 1024 566 1024 557 1030 541 1024 540 1024 539 1024 511 1030 500 1024 496 1022 495 1022 494 1022 493 1022 492 1022 489 1024 483 1030 451 1031 401 1026 378 1024 377 1024 376 1024 375 1024 372 1027 365 1031 329 1028 302 1025 301 1025 300 1025 299 1025 296 1029 286 1034 239 1030 236 1030 235 1030 234 1030 233 1030 226 1036 201 1036 193 1030 190 1028 190 1028 189 1028 188 1028 74 1032 75 1070"/></Shape>
	    <String CONTENT="fenſes de viure ſelon l’euangile de Ieſus, ont eſté"
                    HPOS="74"
                    VPOS="1019"
                    WIDTH="688"
                    HEIGHT="67"
                    WC="0.9759379040736419"></String>
          </TextLine>
          <TextLine ID="eSc_line_bff8f36b"
                    TAGREFS="LT8"
                    BASELINE="75 1118 765 1106" 
                    HPOS="74"
                    VPOS="1065"
                    WIDTH="691"
                    HEIGHT="70">
            <Shape><Polygon POINTS="75 1118 75 1127 90 1135 91 1135 92 1135 157 1127 197 1133 198 1133 234 1125 246 1132 247 1132 248 1133 287 1133 287 1132 445 1121 461 1126 462 1126 462 1126 463 1126 464 1126 470 1121 486 1126 487 1126 488 1126 552 1121 592 1126 593 1126 665 1117 710 1124 711 1124 765 1114 765 1106 764 1075 745 1065 744 1065 743 1065 698 1073 668 1068 667 1068 666 1068 665 1068 665 1069 659 1074 634 1067 633 1067 632 1067 631 1067 608 1078 592 1068 591 1068 590 1068 589 1068 536 1079 485 1070 484 1070 483 1070 454 1081 453 1081 419 1071 418 1071 417 1071 378 1079 348 1072 347 1072 346 1072 345 1072 333 1080 326 1073 325 1073 324 1073 323 1073 294 1078 270 1074 269 1074 268 1074 267 1074 257 1082 220 1077 219 1077 218 1077 188 1085 187 1086 74 1087 75 1118"/></Shape>
	    <String CONTENT="contreinctz de ſ&#x27;aßembler (cõme deſia est dictyla"
                    HPOS="74"
                    VPOS="1065"
                    WIDTH="691"
                    HEIGHT="70"
                    WC="0.9876302337646484"></String>
          </TextLine>
          <TextLine ID="eSc_line_254f9639"
                    TAGREFS="LT8"
                    BASELINE="76 1168 765 1155" 
                    HPOS="74"
                    VPOS="1117"
                    WIDTH="691"
                    HEIGHT="67">
            <Shape><Polygon POINTS="76 1168 76 1177 93 1184 94 1184 95 1184 145 1178 169 1184 170 1184 171 1184 237 1182 238 1182 239 1182 245 1176 247 1175 257 1176 311 1181 312 1181 313 1181 314 1181 323 1175 326 1173 340 1175 370 1180 371 1180 401 1175 422 1171 441 1174 454 1176 455 1176 479 1174 528 1169 612 1173 646 1174 647 1174 648 1174 652 1172 667 1166 764 1171 765 1155 763 1121 715 1117 714 1117 713 1117 699 1122 690 1125 681 1123 666 1118 665 1118 664 1118 663 1118 653 1123 648 1126 637 1124 624 1121 623 1121 622 1121 621 1121 617 1124 614 1127 603 1124 592 1122 591 1122 590 1122 577 1125 565 1128 541 1126 496 1122 495 1122 494 1122 473 1128 466 1129 461 1128 438 1123 437 1123 436 1123 422 1129 416 1131 405 1129 370 1124 369 1124 328 1131 316 1133 307 1132 289 1129 288 1129 242 1133 221 1135 217 1134 200 1128 199 1128 198 1128 197 1128 185 1135 184 1135 180 1135 138 1129 137 1129 136 1129 123 1136 121 1138 74 1138 76 1168"/></Shape>
	    <String CONTENT="nuict, pour ouyr la parolle de Dieu. Et à cauſe"
                    HPOS="74"
                    VPOS="1117"
                    WIDTH="691"
                    HEIGHT="67"
                    WC="0.9819783022006353"></String>
          </TextLine>
          <TextLine ID="eSc_line_bf9ed63e"
                    TAGREFS="LT8"
                    BASELINE="80 1217 764 1201" 
                    HPOS="78"
                    VPOS="1164"
                    WIDTH="686"
                    HEIGHT="67">
            <Shape><Polygon POINTS="80 1217 80 1225 120 1231 121 1231 122 1231 137 1225 139 1224 142 1225 158 1228 159 1228 223 1223 246 1222 250 1223 261 1227 262 1227 263 1227 282 1222 293 1220 300 1222 309 1225 310 1225 311 1225 335 1222 354 1220 364 1221 377 1225 378 1225 379 1225 380 1225 390 1221 396 1220 413 1221 438 1223 439 1223 456 1220 476 1217 488 1220 493 1221 494 1221 495 1221 678 1219 679 1219 682 1218 693 1213 709 1217 713 1218 714 1218 715 1218 716 1218 718 1217 729 1211 763 1216 764 1201 761 1172 719 1172 718 1172 686 1164 685 1164 684 1164 652 1165 652 1165 633 1174 632 1174 631 1174 610 1166 609 1166 608 1166 607 1166 606 1166 598 1173 584 1168 583 1168 582 1168 581 1168 580 1168 571 1174 542 1167 541 1167 540 1167 509 1176 504 1178 470 1178 468 1177 445 1169 444 1169 443 1169 408 1178 401 1180 340 1180 332 1179 293 1172 292 1172 236 1176 235 1176 234 1176 227 1181 224 1183 218 1181 212 1179 211 1179 210 1179 209 1179 202 1181 193 1184 186 1182 164 1175 163 1175 163 1175 162 1175 147 1182 143 1184 136 1183 110 1177 109 1177 78 1183 80 1217"/></Shape>
	    <String CONTENT="de celà ont eſté tirez en telles calunies, et ſont en¬"
                    HPOS="78"
                    VPOS="1164"
                    WIDTH="686"
                    HEIGHT="67"
                    WC="0.9781104273029736"></String>
          </TextLine>
          <TextLine ID="eSc_line_243768ee"
                    TAGREFS="LT8"
                    BASELINE="82 1265 769 1251" 
                    HPOS="81"
                    VPOS="1214"
                    WIDTH="688"
                    HEIGHT="70">
            <Shape><Polygon POINTS="82 1265 82 1284 118 1284 119 1284 146 1275 214 1281 228 1282 229 1282 273 1281 274 1281 275 1281 277 1279 288 1272 335 1272 343 1277 346 1279 347 1279 348 1279 349 1280 368 1280 368 1279 392 1278 393 1278 394 1278 398 1275 405 1271 415 1274 422 1277 423 1277 424 1277 425 1277 437 1274 455 1270 483 1273 518 1276 519 1276 547 1271 557 1269 565 1270 586 1274 587 1274 626 1268 636 1266 768 1263 769 1251 767 1215 731 1214 730 1214 729 1214 725 1216 713 1221 691 1217 677 1214 676 1214 675 1214 663 1218 648 1222 635 1219 624 1215 623 1215 622 1215 597 1220 585 1221 574 1220 547 1217 546 1217 545 1217 544 1217 538 1221 532 1225 522 1221 518 1220 517 1220 516 1220 503 1222 473 1228 455 1228 450 1224 444 1219 443 1219 442 1219 441 1219 389 1224 364 1220 363 1220 362 1220 336 1227 326 1230 309 1228 261 1222 260 1222 220 1231 215 1232 209 1231 164 1224 163 1224 163 1224 162 1224 154 1230 145 1225 144 1225 143 1225 142 1225 141 1225 141 1226 133 1234 81 1235 82 1265"/></Shape>
	    <String CONTENT="core de preſent, iuſque à ce ql plaiſe à Dieu lés"
                    HPOS="81"
                    VPOS="1214"
                    WIDTH="688"
                    HEIGHT="70"
                    WC="0.9737128558067175"></String>
          </TextLine>
          <TextLine ID="eSc_line_17f0e743"
                    TAGREFS="LT8"
                    BASELINE="84 1314 774 1300" 
                    HPOS="82"
                    VPOS="1262"
                    WIDTH="692"
                    HEIGHT="73">
            <Shape><Polygon POINTS="84 1314 84 1327 160 1327 162 1327 202 1335 203 1335 250 1330 313 1333 314 1333 355 1328 435 1330 436 1330 437 1330 438 1330 446 1325 454 1320 501 1325 535 1328 536 1328 558 1324 573 1322 597 1324 626 1327 627 1327 628 1327 636 1324 649 1319 682 1324 688 1324 689 1324 690 1324 693 1324 729 1314 755 1314 772 1323 774 1300 772 1262 732 1262 731 1262 730 1262 729 1262 728 1263 722 1268 704 1264 702 1264 701 1264 700 1264 699 1264 689 1272 617 1269 616 1269 508 1275 493 1271 483 1268 482 1268 481 1268 480 1268 471 1272 461 1277 440 1277 434 1273 423 1268 422 1268 421 1268 387 1274 386 1274 375 1269 374 1269 373 1269 372 1269 371 1269 363 1275 359 1278 349 1275 326 1270 325 1270 324 1270 247 1279 229 1281 226 1280 217 1275 217 1275 110 1274 109 1274 108 1274 82 1283 84 1314"/></Shape>
	    <String CONTENT="en deliurer. Meſme à force de tormẽs, tiremes de"
                    HPOS="82"
                    VPOS="1262"
                    WIDTH="692"
                    HEIGHT="73"
                    WC="0.9743294537067413"></String>
          </TextLine>
        </TextBlock>
        <TextBlock HPOS="744"
                   VPOS="92"
                   WIDTH="126"
                   HEIGHT="46"
                   ID="eSc_textblock_77bb0eda"
                   TAGREFS="BT13">
          <Shape><Polygon POINTS="744 95 748 138 870 135 868 92"/></Shape>
          <TextLine ID="eSc_line_130c639c"
                    TAGREFS="LT8"
                    BASELINE="751 128 862 121" 
                    HPOS="748"
                    VPOS="85"
                    WIDTH="112"
                    HEIGHT="69">
            <Shape><Polygon POINTS="750 127 752 151 811 154 813 154 814 154 816 154 816 153 824 146 826 143 860 141 860 120 856 85 808 95 748 89 750 127"/></Shape>
	    <String CONTENT="gala.4"
                    HPOS="748"
                    VPOS="85"
                    WIDTH="112"
                    HEIGHT="69"
                    WC="0.9656281570593516"></String>
          </TextLine>
        </TextBlock>
        <TextBlock HPOS="503"
                   VPOS="1315"
                   WIDTH="281"
                   HEIGHT="62"
                   ID="eSc_textblock_b4d62b97"
                   TAGREFS="BT17">
          <Shape><Polygon POINTS="503 1329 508 1377 784 1365 779 1315"/></Shape>
          <TextLine ID="eSc_line_e590868d"
                    TAGREFS="LT8"
                    BASELINE="511 1363 776 1350" 
                    HPOS="509"
                    VPOS="1313"
                    WIDTH="266"
                    HEIGHT="83">
            <Shape><Polygon POINTS="775 1349 772 1317 713 1313 711 1313 681 1319 625 1330 591 1320 588 1320 587 1320 585 1320 584 1320 581 1320 549 1333 509 1323 510 1362 512 1396 775 1380 775 1349"/></Shape>
	    <String CONTENT="c 3 cordes"
                    HPOS="509"
                    VPOS="1313"
                    WIDTH="266"
                    HEIGHT="83"
                    WC="0.964542007446289"></String>
          </TextLine>
        </TextBlock>
      </PrintSpace>
    </Page>
  </Layout>
</alto>
