1088 1736
361 96 691 67 cordes & bruslemẽs de piedz auec huyle bouil¬

361 145 689 69 lãt leur ont faict cõfeſſer q̃ la vierge Marie me¬

357 197 692 63 re de Ieſus eſtoit vne putain: et eſtãs hors dés tor

357 244 693 68 mẽs horribles et eſpouuentables à pẽſer, diſent le

356 295 692 63 cõtraire. Mais incõtinẽt ſont plus tormẽtez et ty

355 345 691 61 rãnizez que parauãt, affin que ces cruelz ayent

357 392 686 62 couleur de lés faire mourir, pour auoir leurs biẽs

354 440 691 64 en cõfiſcation. Cõme ces ãnées paßées auõs veu

350 488 693 64 lés exẽples par ce maudict moyne de Roma: deſ¬

353 539 688 63 quelles choſes le Roy a eſté aultresfois plus ãple

350 589 689 59 ment informé, pour mettre ordre à telles iniuſti¬

350 635 688 64 ces: qui ſera quand il plaira à Dieu luy faire la

351 686 687 60 grace. Puis que dés aultres en ſomme auõs parlé

350 731 686 62 viẽdrõs à la loy papale, ou aultremẽt nõmée faul

348 779 683 66 ſemẽt chreſtiẽne, ſans q̃ perſonne (ſ’il luy plaiſt)

357 828 676 64 ſ'offenſe: veu q̃ ſelõ la verité ſera declairée, ou

342 878 690 60 à tout le moĩs en partie. Car n'eſt à moy n'a aul¬

341 925 691 66 tre fẽme la pouuoir aſſez ſuffiſamẽt deſpaĩdre et

341 977 688 57 declairer, voyant l’enormité et abominatiõ d’i¬

338 1026 687 59 celle. Vous priãt lire et entẽdre auant que iuger.

342 1075 678 61 Car ſouuẽtesfois lon iuge ſans ꝑtie ou ſans auoir

334 1120 688 65 Ieu le ꝓcés, baillãt ſentẽce digne d'appellatiõ. Et

335 1172 681 60 poutãt ſi diligẽment voulez entẽdre la trouuerez

335 1220 683 64 ſans cõparaiſon plus eſtrãge, ſuperſtitieuſe, hors

331 1270 686 59 de la foy et chreſtienté q̃ nulle aultre. Ce nonob¬

326 1319 689 73 ſtãt ſõt prõptz à mal dire et à ꝑſecuter lés aultre

924 1373 86 70 Et ſi
