1088 1736
68 114 688 56 Et ſi n'y a natiõ ſur la terre qui ayt tãt erré bla

68 159 686 62 ſphemé et failly en la vraye et viue foy q̃ ceux cy

62 209 691 62 leſquelz deburoiẽt biẽ inuoq̃r l'ayde du Seigneur

63 258 692 59 Dieu, & ſe grãdement humilier, recõgnoißans

62 304 693 62 leurs faultes et pechez luy demãdans mercy et mi

65 353 690 64 ſericorde, le priãs leur dõner l’intelligẽce d’en¬

62 404 692 62 tendre et cõgnoiſtre ſi ce que ie dy est veritable.

64 453 690 61 Mais le grand orgueil qui est en eux, lés empeſ¬

65 501 687 56 che de ce faire. Car nullemẽt ſe veulent humilier

64 550 690 60 ne recõgnoiſtre leurs faultes et erreurs, nõ plus

67 598 690 63 que Iuifz et payẽs cõfeßãs entieremẽt et ſans fain

66 648 690 60 tiſe, qu’eux et leurs peres ont miſerablemẽt erré

66 697 687 59 en la foy de Ieſus. Ains aymẽt mieulx demourer

68 744 688 63 et ꝑſeuerer en leur paoureté et miſere, que dili¬

71 793 690 62 gẽmẽt veoir, entẽdre, cõfeſſer et cõgnoistre leurs

70 840 690 65 faultes et erreurs: ꝗ eſt vne grãde maledictiõ de

68 888 685 61 Dieu enuoyée ſur eux, à cauſe ꝗlz ont plus dõné

71 941 692 58 de gloyre et d'hõneur à la creature que au crea

70 984 691 68 teͬ, la ſeruãt et adorãt plus q̃ Dieu: leq̃l ſeul fault

69 1035 690 64 adorer en eſꝑit & verité. Et ne veult qu’on don

72 1085 687 65 ne ſõ hõneur et gloyre à aultre qu’a’luy. Et pour

72 1134 690 60 tãt lés a laißé tõber en ſens reꝓuué. Quelle plus

77 1182 693 62 grãde aueuglerie veulx tu, ꝗ̃ d’auoir creu, ſuyui

75 1227 696 68 & enſeigné lés choſes, deſquelles eux meſmes ſe

73 1279 706 60 moquent? Cõme l’eaue croiſée du prebſtre (ainſi

77 1324 699 74 qu'ilz diſent) eſtainct le feu de purgatoire, faict

763 860 100 75 Rom.1.

768 1015 116 43 Mat.14.

768 1048 114 44 Iehan.4.

768 1082 113 42 Eſai.42

766 1114 119 41 2.theſ.2.

769 1147 107 52 Rom.1.

558 1374 210 74 c4 fuyr
