1088 1736
317 118 693 57 fouyr lés dyables, deſtourner lés tẽps, tempeſtes,

317 167 694 53 tõnoyrres & ventz, & le ſel au bapteſme don¬

319 217 693 55 né aux petis enfans, leur fait auoir ſciẽce & ſa¬

321 266 692 59 pience: & principalement pour apprendre ſe

321 315 691 53 retirer es medecins qui gueriſſent de toutes ma

321 362 692 54 ladies, cõme S. Roct du vomiſſemẽt. S. Loup dés

323 409 686 51 dẽs. S. Renard du mãger.S. Coſme dés chaſtrés,

322 460 691 55 & Damiẽ des rompus de tous coſtez. Tellemẽt

323 510 689 56 qu’il n'y a ne ville ne village que le Pape n'aye

322 556 688 56 de ſonmeſnage. L'vn guerit du froit, l’aultre

321 605 688 53 du chault, l'vn dés yeulx, l'aultre du nez, l’vn

320 651 690 57 dés doigs, l’aultre dés ongles. Brief, Dieu n'y

320 702 689 58 fait plus rien. Ce nõobſtant, tous diſent et cõfeſ¬

324 749 683 59 ſet eſtre vn ſeul Dieu, qui a creé le ciel et la ter

317 797 692 59 re, tout bõ, tout ſage, tout puißãt et tout miſeri¬

319 843 686 61 cordieux, ſans luy ne pouuoir riẽ:et qu'il le fault

318 898 690 55 adorer et ſeruir luy ſeul en eſperit et verité: qu’il

315 945 690 58 a ẽuoyé Ieſus Chriſt ſon ſeul filz noſtre Seigñr:

323 996 683 54 Conceu de l’eſperit de Dieu, nay de la vierge

317 1046 687 53 marie, ſans lequel ne pouuõs auoir acces au pere.

311 1090 689 60 Parquoy il à fallu q̃ le filz de Dieu aye eſte mis

319 1141 676 56 à mort, luy iuſte et innocẽt, pour nous iniques &

307 1191 701 56 meſchans:nous faiſans aggreables & playſans à

306 1239 696 59 ce bon pere par ſa mort, ſe nõmant noſtre aduo

305 1292 687 64 cat & frere, nous procurãt l’heritage du royau¬

205 778 102 44 Gene.1.

204 856 109 52 Ieh. 15.

201 891 98 51 Ieh. 4

200 1072 109 39 1.Ielue 2.

196 1155 113 60 Eſa. 53

923 1348 66 50 me,
