1088 1736
75 115 687 57 me, affin que ſoyõs heritiers et coheritiers auec

72 163 690 58 luy. Ce neantmoins incõtinẽt par œuures le nyẽt

73 212 689 59 & renuncẽt eſtre leur Dieu, leur ayde, eſperan¬

71 263 693 57 ce, cõſolatiõ & ſauueur: quãd par aultre moyen

72 310 690 61 que par luy ſeul veulẽt remißiõ de peché, cer¬

71 356 689 62 chãs aultre ſalut, aultre cõfiance que en luy. Cõ¬

69 409 692 58 me ꝑ œuures, merites, religiõs, voyages, peleri¬

70 454 694 62 nages, cõfeßiõs auriculaires, meſſes, adoratiõs d’i

70 506 688 58 doles, argẽt dõné pour indulgẽces & pardõs, &

68 552 694 61 à tout plein d’aultres mechantes inuentiõs, cere¬

69 599 692 62 monies & ſacrifices que lés hõmes ont cõtrou¬

69 651 694 63 ué: veu que ꝑ vn ſeul ſacrifice et ſeule oblation,

66 700 689 58 nous a eternellemẽt ſainctifiez. Ne ſera il pas ex

69 748 694 60 cõmunié du pape, de ce grãd Melchizedek Dieu

69 792 692 64 de terre, & reiecté de ſon egliſe, celuy qui laiſ¬

70 842 691 68 ſera ſa ſecte pour prẽdre Ieſus, & qui cõtredi¬

68 894 694 64 ra en quelque choſe à ſon ſiege papal? ouy cer¬

66 941 696 62 tes: et nõ ſeulemẽt à luy (qui n’eſt ne Dieu ne hõ¬

66 991 697 64 me) eſtant ſus toutes gentz et royaumes, comme il

69 1038 692 61 dit en la gloſe du proëme dés Clemẽtines: ou il

68 1087 693 63 eſt dict, Papa admirabile. Mais außi de dire ou

68 1136 690 62 cõtreuenir ſeulemẽt cõtre ſés ſeruiteurs. In ſexto

68 1187 690 63 de penis cap. Felicis recordatiõis, et 17. q. 4. Si ꝗs

71 1234 689 68 ſuadẽte, Ou ꝗ plus eſt, ſ'il aduenoit à q̃lque pao¬

69 1286 692 70 ure fẽme ayãt vne ſeule chieure pour nourrir et

765 697 111 50 Hebr.9.

522 1332 233 59 c5 allaicter
