<?xml version="1.0" encoding="UTF-8"?>
<alto xmlns:xsi="http://www.w3.org/2001/XMLSchema-instance"
      xmlns="http://www.loc.gov/standards/alto/ns-v4#"
      xsi:schemaLocation="http://www.loc.gov/standards/alto/ns-v4# http://www.loc.gov/standards/alto/v4/alto-4-2.xsd">
  <Description>
    <MeasurementUnit>pixel</MeasurementUnit>
    <sourceImageInformation>
      <fileName>43_fd4c7_default.jpg</fileName>
      <fileIdentifier>https://www.e-rara.ch/i3f/v20/4252791/full/full/0/default.jpg</fileIdentifier>
    </sourceImageInformation>
  </Description>
  <Tags>
    <OtherTag ID="BT8" LABEL="DamageZone" DESCRIPTION="block type DamageZone"/><OtherTag ID="BT10" LABEL="DropCapitalZone" DESCRIPTION="block type DropCapitalZone"/><OtherTag ID="BT11" LABEL="GraphicZone" DESCRIPTION="block type GraphicZone"/><OtherTag ID="BT12" LABEL="MainZone" DESCRIPTION="block type MainZone"/><OtherTag ID="BT13" LABEL="MarginTextZone" DESCRIPTION="block type MarginTextZone"/><OtherTag ID="BT15" LABEL="NumberingZone" DESCRIPTION="block type NumberingZone"/><OtherTag ID="BT17" LABEL="QuireMarksZone" DESCRIPTION="block type QuireMarksZone"/><OtherTag ID="BT18" LABEL="RunningTitleZone" DESCRIPTION="block type RunningTitleZone"/><OtherTag ID="BT20" LABEL="StampZone" DESCRIPTION="block type StampZone"/><OtherTag ID="BT22" LABEL="TitlePageZone" DESCRIPTION="block type TitlePageZone"/><OtherTag ID="BT2697" LABEL="MarginTextZone:handwrittenAddition" DESCRIPTION="block type MarginTextZone:handwrittenAddition"/>
    <OtherTag ID="LT8" LABEL="DefaultLine" DESCRIPTION="line type DefaultLine"/><OtherTag ID="LT9" LABEL="DropCapitalLine" DESCRIPTION="line type DropCapitalLine"/><OtherTag ID="LT10" LABEL="HeadingLine" DESCRIPTION="line type HeadingLine"/>
  </Tags>
  <Layout>
    <Page WIDTH="1088"
          HEIGHT="1736"
          PHYSICAL_IMG_NR="43"
          ID="eSc_dummypage_">
      <PrintSpace HPOS="0"
                  VPOS="0"
                  WIDTH="1088"
                  HEIGHT="1736">
        <TextBlock HPOS="319"
                   VPOS="105"
                   WIDTH="715"
                   HEIGHT="1231"
                   ID="eSc_textblock_c1e36388"
                   TAGREFS="BT12">
          <Shape><Polygon POINTS="319 105 319 1336 1034 1336 1034 105"/></Shape>
          <TextLine ID="eSc_line_9d6bcd8c"
                    TAGREFS="LT8"
                    BASELINE="331 146 1024 152" 
                    HPOS="330"
                    VPOS="108"
                    WIDTH="694"
                    HEIGHT="63">
            <Shape><Polygon POINTS="1006 110 989 120 970 120 956 110 955 110 954 110 953 110 909 119 908 119 905 119 780 109 775 109 765 109 757 109 680 117 679 117 678 117 658 117 649 108 640 108 637 108 575 116 565 108 564 108 563 108 562 108 518 115 502 108 495 108 486 108 451 110 446 108 437 108 428 108 418 108 408 108 399 108 391 108 385 111 372 108 370 108 360 108 356 108 339 112 332 129 331 146 330 157 447 167 448 168 531 168 531 167 532 167 552 160 576 164 577 164 597 161 615 168 616 168 617 168 618 168 637 161 683 169 684 170 715 170 715 169 716 169 717 169 730 162 793 170 794 170 832 162 880 162 939 171 940 171 941 171 942 171 952 164 963 169 964 169 965 169 1023 162 1024 152 1024 119 1013 112 1006 110"/></Shape>
	    <String CONTENT="allaicter ſés petis enfans aprés q̃ ſon mary ſeroit"
                    HPOS="330"
                    VPOS="108"
                    WIDTH="694"
                    HEIGHT="63"></String>
          </TextLine>
          <TextLine ID="eSc_line_df304b47"
                    TAGREFS="LT8"
                    BASELINE="332 195 1023 199" 
                    HPOS="331"
                    VPOS="161"
                    WIDTH="692"
                    HEIGHT="56">
            <Shape><Polygon POINTS="332 195 331 206 407 208 414 215 415 215 416 215 417 215 486 208 494 208 499 209 528 215 529 215 530 215 549 209 551 209 553 209 570 216 571 216 571 216 622 210 635 209 645 211 678 217 679 217 715 211 727 210 732 212 744 217 745 217 746 217 766 212 775 210 783 212 797 217 798 217 799 217 824 213 832 212 841 213 871 217 872 217 873 217 882 214 888 211 908 214 928 217 929 217 930 217 940 214 952 211 972 211 978 215 981 217 982 217 983 217 984 217 1022 215 1023 199 1022 168 942 162 941 162 940 162 939 162 931 168 925 172 869 172 862 168 851 162 850 162 849 162 798 162 797 162 742 168 719 170 707 168 677 161 615 161 614 161 613 161 612 161 603 168 602 169 562 169 559 168 545 161 544 161 544 161 543 161 528 168 525 169 522 168 508 161 507 161 506 161 505 161 487 168 485 168 476 168 411 162 410 162 409 162 394 168 392 168 332 168 332 195"/></Shape>
	    <String CONTENT="mort, pour la bien ſoulager et cõſoler, ne la luy"
                    HPOS="331"
                    VPOS="161"
                    WIDTH="692"
                    HEIGHT="56"
                    WC="0.9922159659862518"></String>
          </TextLine>
          <TextLine ID="eSc_line_984c84a6"
                    TAGREFS="LT8"
                    BASELINE="333 244 1022 247" 
                    HPOS="333"
                    VPOS="210"
                    WIDTH="689"
                    HEIGHT="56">
            <Shape><Polygon POINTS="333 244 333 262 378 257 422 261 423 261 424 261 444 255 499 261 519 263 520 263 521 263 522 263 525 261 535 255 562 255 605 255 611 260 615 264 616 264 617 264 618 264 619 264 630 260 638 257 646 260 656 264 657 264 658 264 705 259 737 256 754 259 783 264 784 264 827 258 830 258 831 258 838 264 838 265 839 265 840 265 841 266 945 266 945 265 946 265 947 265 952 260 979 265 980 265 981 265 996 257 997 257 1021 257 1022 247 1020 212 989 219 862 219 845 212 844 212 843 212 843 212 842 212 841 212 834 217 806 214 805 214 804 214 793 218 768 213 761 211 760 211 751 213 728 217 687 213 668 211 667 211 652 213 619 218 597 218 588 213 585 211 584 211 583 211 582 211 568 214 549 217 525 214 498 210 497 210 333 214 333 244"/></Shape>
	    <String CONTENT="fauldroit il point vendre ou donner pour payer"
                    HPOS="333"
                    VPOS="210"
                    WIDTH="689"
                    HEIGHT="56"
                    WC="0.9779179847758749"></String>
          </TextLine>
          <TextLine ID="eSc_line_eebfc2e6"
                    TAGREFS="LT8"
                    BASELINE="331 295 1025 298" 
                    HPOS="330"
                    VPOS="257"
                    WIDTH="695"
                    HEIGHT="56">
            <Shape><Polygon POINTS="331 295 330 304 343 311 344 311 345 311 346 311 357 305 367 311 368 311 369 311 370 312 455 312 455 311 456 311 467 305 471 305 527 311 528 311 529 311 541 305 542 305 544 305 565 312 566 312 567 312 568 312 587 306 588 306 645 312 646 312 647 312 658 306 659 306 660 306 678 312 679 312 680 312 716 307 721 306 723 307 729 312 730 312 731 312 732 312 783 308 796 313 797 313 798 313 871 308 883 307 897 308 968 313 969 313 970 313 984 308 989 307 1023 308 1025 298 1025 269 1008 262 1007 262 1006 262 942 269 927 260 926 260 925 260 924 260 924 260 898 269 897 269 705 269 704 268 685 258 684 258 624 258 623 258 622 258 621 258 605 267 524 266 482 257 344 257 343 257 342 257 341 257 331 263 331 295"/></Shape>
	    <String CONTENT="l’offrãde? Car autremẽt denõçons pour excõmu"
                    HPOS="330"
                    VPOS="257"
                    WIDTH="695"
                    HEIGHT="56"
                    WC="0.9767464788592591"></String>
          </TextLine>
          <TextLine ID="eSc_line_d96d2db1"
                    TAGREFS="LT8"
                    BASELINE="330 343 1022 343" 
                    HPOS="330"
                    VPOS="306"
                    WIDTH="692"
                    HEIGHT="57">
            <Shape><Polygon POINTS="330 343 330 355 431 355 434 356 445 360 446 360 447 360 448 360 460 356 466 362 467 362 468 362 469 363 498 363 498 362 499 362 500 362 506 357 509 355 529 357 572 361 573 361 589 357 600 355 696 355 711 359 723 362 724 362 725 363 765 363 765 362 766 362 767 362 771 360 777 356 785 360 790 362 791 362 792 363 924 363 924 362 924 362 927 361 948 355 1021 362 1022 343 1022 311 1000 306 999 306 998 306 997 306 991 311 983 318 937 318 921 312 905 306 904 306 903 306 902 306 891 312 887 314 880 312 870 309 870 309 869 309 868 309 860 312 848 318 724 318 704 314 680 310 680 310 679 310 678 310 672 314 667 318 636 318 626 315 607 309 606 309 605 309 604 309 581 315 580 315 571 306 570 306 569 306 411 306 410 306 409 306 384 317 383 318 330 318 330 343"/></Shape>
	    <String CONTENT="miez cõe infideles, tous ceux ꝗ ne payẽt leurs of¬"
                    HPOS="330"
                    VPOS="306"
                    WIDTH="692"
                    HEIGHT="57"></String>
          </TextLine>
          <TextLine ID="eSc_line_e9019660"
                    TAGREFS="LT8"
                    BASELINE="334 392 1025 394" 
                    HPOS="334"
                    VPOS="354"
                    WIDTH="691"
                    HEIGHT="58">
            <Shape><Polygon POINTS="334 392 334 409 462 405 471 410 472 410 473 410 474 411 507 411 507 410 508 410 509 410 517 405 582 410 585 410 586 410 588 410 654 404 669 409 670 409 671 409 672 409 691 405 797 405 830 411 833 411 834 412 902 412 902 411 904 411 945 405 953 411 954 411 955 411 956 412 1024 412 1025 394 1022 360 1004 365 984 359 969 355 968 355 967 355 966 355 965 355 960 359 953 366 916 366 896 359 884 355 883 355 882 355 867 358 839 366 793 366 786 358 784 357 784 356 783 356 782 356 781 356 772 358 746 364 723 357 714 355 713 355 712 355 711 355 703 357 680 364 671 357 669 355 668 355 667 355 624 354 623 354 622 354 614 357 594 364 569 359 568 359 567 359 566 359 558 365 434 365 408 355 405 354 404 354 403 354 334 354 334 392"/></Shape>
	    <String CONTENT="frãdes 13.q.2. Qui oblat. Et cõbien q̃ luy meſme"
                    HPOS="334"
                    VPOS="354"
                    WIDTH="691"
                    HEIGHT="58"></String>
          </TextLine>
          <TextLine ID="eSc_line_5a50c487"
                    TAGREFS="LT8"
                    BASELINE="332 439 1024 442" 
                    HPOS="331"
                    VPOS="404"
                    WIDTH="693"
                    HEIGHT="55">
            <Shape><Polygon POINTS="332 439 331 449 363 455 364 455 392 451 400 457 401 457 402 457 403 457 430 451 482 457 483 458 516 458 516 457 517 457 518 457 527 451 545 451 627 451 641 458 642 458 643 459 719 459 719 458 720 458 734 452 761 458 762 458 863 453 888 459 889 459 890 459 1023 453 1024 442 1023 416 962 409 961 409 960 409 951 413 930 406 929 406 928 406 899 411 889 406 888 406 887 406 886 406 885 406 876 414 874 415 828 413 762 410 761 410 749 412 736 414 728 412 711 407 710 407 709 407 666 411 630 414 605 410 562 404 519 404 518 404 517 404 516 404 511 409 506 413 493 409 478 404 477 404 476 404 475 404 457 408 450 410 446 408 437 404 436 404 435 404 332 406 332 439"/></Shape>
	    <String CONTENT="le deffend ꝑ ſés liures propres, ce nonobſtãt tous"
                    HPOS="331"
                    VPOS="404"
                    WIDTH="693"
                    HEIGHT="55"></String>
          </TextLine>
          <TextLine ID="eSc_line_789d1eaf"
                    TAGREFS="LT8"
                    BASELINE="331 488 1020 491" 
                    HPOS="330"
                    VPOS="452"
                    WIDTH="690"
                    HEIGHT="57">
            <Shape><Polygon POINTS="331 488 330 499 346 506 347 506 348 506 349 506 350 506 356 501 390 506 391 506 418 500 429 498 435 500 440 503 441 503 442 503 458 501 470 499 474 501 484 506 485 506 486 506 487 506 505 501 515 499 535 499 539 502 542 505 543 505 544 505 544 505 571 502 599 499 639 503 662 505 663 505 687 503 721 501 727 504 732 506 733 506 734 506 748 504 778 500 788 505 795 508 796 508 797 509 832 509 832 508 833 508 839 505 848 501 864 506 870 507 870 507 871 507 872 507 875 506 884 501 896 506 903 509 904 509 905 509 935 506 991 501 1018 507 1020 491 1019 463 848 463 844 461 830 454 829 454 828 454 827 454 806 461 801 461 697 461 692 459 665 453 664 453 608 458 604 458 599 458 541 453 540 453 539 453 530 457 523 460 516 457 504 452 503 452 502 452 501 452 492 457 487 460 481 456 472 452 471 452 470 452 453 456 436 460 420 456 407 452 406 452 405 452 404 452 395 455 383 460 378 455 374 452 373 452 372 452 371 452 331 454 331 488"/></Shape>
	    <String CONTENT="lés ſiens le font. En telle maniere ꝗl n&#x27;y a pas vn"
                    HPOS="330"
                    VPOS="452"
                    WIDTH="690"
                    HEIGHT="57"></String>
          </TextLine>
          <TextLine ID="eSc_line_9b4d5045"
                    TAGREFS="LT8"
                    BASELINE="333 537 1023 540" 
                    HPOS="332"
                    VPOS="498"
                    WIDTH="691"
                    HEIGHT="60">
            <Shape><Polygon POINTS="333 537 332 547 371 556 372 556 409 550 442 556 443 556 444 556 465 549 466 549 520 549 523 549 545 556 546 556 547 556 577 550 578 550 579 550 595 557 596 557 597 557 652 551 662 550 666 551 685 557 686 557 687 557 715 556 716 556 717 556 722 551 724 550 792 550 799 552 823 558 824 558 1022 554 1023 540 1021 508 999 510 995 507 988 501 987 501 986 501 955 501 954 501 953 501 941 506 930 512 822 512 781 504 756 500 755 500 736 503 704 511 645 511 633 502 631 500 630 500 629 500 609 500 608 500 607 500 606 500 604 501 593 509 564 510 537 505 536 505 506 509 482 500 481 500 480 500 479 500 448 509 409 499 408 499 408 499 407 499 374 504 333 498 333 537"/></Shape>
	    <String CONTENT="de ſés prestres, eueſques, &amp; de tous ceux ꝗ ſont"
                    HPOS="332"
                    VPOS="498"
                    WIDTH="691"
                    HEIGHT="60"></String>
          </TextLine>
          <TextLine ID="eSc_line_9745b586"
                    TAGREFS="LT8"
                    BASELINE="332 585 1022 589" 
                    HPOS="331"
                    VPOS="549"
                    WIDTH="691"
                    HEIGHT="59">
            <Shape><Polygon POINTS="332 585 331 595 362 605 363 605 364 606 387 606 387 605 388 605 406 596 512 606 513 606 514 606 530 598 546 606 547 606 548 607 620 607 620 606 621 606 641 598 645 597 660 597 663 598 676 607 677 607 678 607 679 607 721 599 727 598 730 599 743 605 744 605 745 605 770 600 773 599 777 600 796 605 797 605 798 605 799 605 800 605 807 600 811 598 882 598 895 601 930 608 931 608 958 602 963 601 1020 602 1022 589 1022 562 1002 553 1001 553 1000 553 999 553 998 553 989 560 974 553 973 553 972 553 971 553 970 553 956 561 849 556 848 556 765 560 763 560 737 551 736 551 735 551 703 556 678 550 677 550 625 550 625 550 624 550 600 559 550 554 549 554 526 559 525 559 523 559 484 549 483 549 425 558 414 549 413 549 412 549 352 549 351 549 350 549 332 557 332 585"/></Shape>
	    <String CONTENT="de ſõ meſnage ꝗ ne ſoiẽt ꝑ luy excõmuniez. Car"
                    HPOS="331"
                    VPOS="549"
                    WIDTH="691"
                    HEIGHT="59"></String>
          </TextLine>
          <TextLine ID="eSc_line_0dabf297"
                    TAGREFS="LT8"
                    BASELINE="330 634 1024 637" 
                    HPOS="329"
                    VPOS="597"
                    WIDTH="695"
                    HEIGHT="58">
            <Shape><Polygon POINTS="330 634 329 644 356 651 357 651 380 646 392 651 393 651 394 651 395 651 409 646 431 651 432 651 433 651 434 651 446 646 448 646 515 646 517 648 525 653 526 653 527 653 528 653 590 649 616 647 625 650 645 654 646 654 647 654 669 650 684 647 690 651 696 654 697 654 698 654 699 655 768 655 768 654 769 654 778 651 788 649 846 652 883 655 884 655 885 655 889 653 897 649 906 653 908 655 909 655 910 655 911 655 920 654 941 651 950 654 952 655 952 655 953 655 954 655 957 654 975 651 1022 655 1024 637 1024 599 990 599 989 599 988 599 967 609 934 604 933 604 932 604 931 604 923 610 796 610 774 600 768 598 767 598 737 598 736 598 735 598 730 601 713 608 691 601 690 601 689 601 688 601 687 601 681 605 677 601 674 599 674 598 673 598 672 598 671 598 656 601 628 608 579 608 564 602 549 597 548 597 547 597 523 602 515 604 510 602 496 597 495 597 494 597 493 597 481 602 469 607 457 603 440 597 439 597 419 597 418 597 417 597 416 597 408 603 403 608 382 608 375 603 362 597 361 597 360 597 330 603 330 634"/></Shape>
	    <String CONTENT="il excõmunie q̃ tous ceux ꝗ dõnent et prẽnent q̃l"
                    HPOS="329"
                    VPOS="597"
                    WIDTH="695"
                    HEIGHT="58"></String>
          </TextLine>
          <TextLine ID="eSc_line_23c2ee01"
                    TAGREFS="LT8"
                    BASELINE="329 681 1021 685" 
                    HPOS="329"
                    VPOS="647"
                    WIDTH="692"
                    HEIGHT="57">
            <Shape><Polygon POINTS="329 681 329 700 420 694 449 701 453 701 454 701 455 701 456 701 472 694 480 701 481 701 482 701 483 701 486 701 511 695 543 701 551 702 552 702 568 701 628 695 657 700 658 700 722 696 738 701 744 703 745 703 746 703 747 703 748 703 750 701 758 696 770 701 773 702 774 702 775 702 776 702 779 701 795 696 815 696 820 701 822 702 822 703 823 703 824 703 825 703 838 701 865 697 881 701 892 704 893 704 894 704 908 701 929 697 936 701 940 704 941 704 942 704 943 704 1020 701 1021 685 1020 656 966 650 965 650 964 650 963 650 955 655 951 658 924 655 898 653 897 653 897 653 890 655 881 658 870 655 839 649 838 649 837 649 836 649 827 654 819 650 818 650 817 650 816 650 772 655 758 657 749 655 723 649 722 649 721 649 720 649 706 655 705 655 686 651 685 651 684 651 683 651 673 655 670 656 660 655 630 651 629 651 600 655 591 656 587 655 576 651 575 651 574 651 573 651 566 655 563 657 505 657 502 655 486 647 485 647 411 647 410 647 409 647 408 647 397 655 396 655 394 655 363 648 362 648 361 648 360 648 351 655 349 655 329 655 329 681"/></Shape>
	    <String CONTENT="que choſe pour graces, ordres et telles tracaſſe¬"
                    HPOS="329"
                    VPOS="647"
                    WIDTH="692"
                    HEIGHT="57"
                    WC="0.9927942314926459"></String>
          </TextLine>
          <TextLine ID="eSc_line_c33633e2"
                    TAGREFS="LT8"
                    BASELINE="328 730 1021 734" 
                    HPOS="327"
                    VPOS="695"
                    WIDTH="694"
                    HEIGHT="57">
            <Shape><Polygon POINTS="328 730 327 737 355 746 356 746 357 746 447 740 463 739 470 740 490 745 491 745 519 741 523 741 525 741 540 748 541 748 542 748 543 748 557 742 563 740 596 740 608 743 620 746 621 746 622 746 651 744 688 741 693 745 697 748 697 749 698 749 699 749 700 750 721 750 721 749 722 749 732 746 744 741 770 746 789 750 790 751 842 751 842 750 843 750 847 748 857 743 874 749 882 751 883 751 884 752 1020 752 1021 734 1020 707 973 699 891 699 890 699 889 699 888 699 882 704 874 698 873 698 872 698 871 698 870 698 870 698 857 705 856 706 764 706 761 705 744 697 743 697 742 697 712 704 708 705 609 705 607 703 599 697 599 696 598 696 598 696 565 696 564 696 563 696 562 696 553 703 552 704 544 703 506 696 505 696 461 702 450 703 444 702 422 695 421 695 420 695 419 695 406 701 402 703 328 701 328 730"/></Shape>
	    <String CONTENT="ries. Anathema dãti et recipiẽti. 1.q.1. c’eſt adire,"
                    HPOS="327"
                    VPOS="695"
                    WIDTH="694"
                    HEIGHT="57"></String>
          </TextLine>
          <TextLine ID="eSc_line_0dea6922"
                    TAGREFS="LT8"
                    BASELINE="328 778 1021 783" 
                    HPOS="327"
                    VPOS="740"
                    WIDTH="694"
                    HEIGHT="61">
            <Shape><Polygon POINTS="328 778 327 789 348 797 349 797 350 797 351 797 364 791 377 795 378 795 379 795 380 795 380 795 387 790 389 790 446 790 451 791 472 798 473 798 474 798 553 793 588 791 594 794 604 799 605 799 606 799 679 795 734 792 743 796 750 799 751 799 752 799 769 796 791 793 813 797 827 800 828 800 829 800 834 797 843 793 850 798 853 800 854 800 855 800 856 801 1020 801 1021 783 1019 750 991 752 988 749 982 745 982 744 981 744 980 744 966 744 965 744 939 749 925 752 915 749 901 745 900 745 899 745 852 749 827 751 805 749 752 743 751 743 750 743 739 749 736 751 684 751 680 749 669 742 668 742 636 742 635 742 634 742 612 748 605 750 570 750 567 748 556 741 555 741 554 741 553 741 524 748 523 748 522 748 504 741 503 741 502 741 460 746 451 740 450 740 449 740 408 740 407 740 406 740 405 740 395 748 385 743 384 743 383 743 382 743 381 743 375 748 373 748 328 748 328 778"/></Shape>
	    <String CONTENT="maledictiõ à celuy ꝗ dõne &amp; à celuy qui prẽd: et"
                    HPOS="327"
                    VPOS="740"
                    WIDTH="694"
                    HEIGHT="61"></String>
          </TextLine>
          <TextLine ID="eSc_line_edaada65"
                    TAGREFS="LT8"
                    BASELINE="333 827 1020 830" 
                    HPOS="333"
                    VPOS="792"
                    WIDTH="687"
                    HEIGHT="53">
            <Shape><Polygon POINTS="333 827 333 842 395 838 418 843 419 843 420 843 421 843 422 843 423 843 432 837 478 837 492 843 493 843 494 843 495 843 496 843 506 837 558 837 590 843 591 843 702 838 718 844 719 844 850 845 851 845 852 845 853 845 867 839 916 839 947 845 949 845 950 845 951 845 952 845 962 839 985 839 1018 845 1020 830 1019 794 1001 794 1000 794 999 794 998 794 987 802 958 794 957 794 956 794 914 794 913 794 912 794 911 794 911 795 902 802 866 802 859 795 858 795 858 794 857 794 856 794 855 794 845 795 795 802 744 796 734 795 733 795 732 795 731 795 730 796 723 801 692 797 691 797 583 801 571 797 556 792 555 792 520 792 519 792 518 792 517 792 512 798 511 798 510 798 479 792 478 792 433 799 420 801 397 801 395 799 387 793 386 793 385 793 384 793 383 793 370 799 367 800 333 800 333 827"/></Shape>
	    <String CONTENT="qu’on ne doibt ri ẽ receuoir pour lés ordres ou"
                    HPOS="333"
                    VPOS="792"
                    WIDTH="687"
                    HEIGHT="53"
                    WC="0.9601896879624348"></String>
          </TextLine>
          <TextLine ID="eSc_line_3021a95a"
                    TAGREFS="LT8"
                    BASELINE="328 877 1014 880" 
                    HPOS="328"
                    VPOS="840"
                    WIDTH="686"
                    HEIGHT="58">
            <Shape><Polygon POINTS="328 877 328 895 434 895 434 895 438 895 470 889 489 894 495 895 496 895 497 895 511 894 540 889 552 894 561 896 562 896 563 897 587 897 587 896 588 896 589 896 593 893 598 890 624 893 641 895 642 895 663 893 690 890 707 893 734 896 734 896 735 896 744 892 747 890 749 892 755 896 756 896 757 896 820 897 821 897 822 897 841 891 843 891 845 891 870 897 871 897 872 897 873 897 894 891 895 891 942 891 952 897 952 897 953 897 954 898 998 898 998 897 999 897 1013 890 1014 880 1013 846 967 841 966 841 965 841 954 845 945 849 938 845 934 842 933 842 932 842 931 842 930 842 924 845 917 848 909 845 899 841 898 841 897 841 881 845 865 849 854 845 845 841 844 841 843 841 843 841 836 844 826 850 802 850 794 844 790 841 789 841 788 841 765 840 764 840 763 840 762 840 758 844 752 849 720 849 704 844 690 840 689 840 688 840 687 840 686 840 682 844 678 848 664 843 653 840 652 840 652 840 651 840 650 840 645 843 639 848 557 848 524 843 501 840 500 840 499 840 498 840 498 840 495 842 489 848 436 848 427 842 420 840 419 840 418 840 417 840 411 842 401 848 376 848 328 842 328 877"/></Shape>
	    <String CONTENT="pour la creſme, pour le bapteſme, baulme, ſe¬"
                    HPOS="328"
                    VPOS="840"
                    WIDTH="686"
                    HEIGHT="58"
                    WC="0.9691020078129239"></String>
          </TextLine>
          <TextLine ID="eSc_line_afe073d8"
                    TAGREFS="LT8"
                    BASELINE="327 925 1020 927" 
                    HPOS="327"
                    VPOS="893"
                    WIDTH="693"
                    HEIGHT="53">
            <Shape><Polygon POINTS="327 925 327 943 365 938 436 943 449 944 450 944 451 944 453 943 468 936 588 936 597 943 598 943 598 943 599 943 600 943 601 943 610 936 632 941 633 941 634 941 654 936 669 943 673 945 674 945 675 945 713 943 808 939 830 943 840 945 841 946 951 946 951 945 952 945 955 943 968 937 1018 943 1020 927 1019 900 981 894 943 894 942 894 941 894 940 894 934 899 933 899 925 899 874 895 873 895 853 898 846 899 841 898 823 894 822 894 821 894 802 897 793 899 769 897 735 895 734 895 734 895 727 897 722 899 717 896 712 895 711 895 710 895 693 896 674 899 653 896 629 893 628 893 627 893 615 895 605 898 580 895 553 893 552 893 551 893 544 895 536 898 327 894 327 925"/></Shape>
	    <String CONTENT="pulture ou cõmunion 1.q.1 ne encore quand on"
                    HPOS="327"
                    VPOS="893"
                    WIDTH="693"
                    HEIGHT="53"></String>
          </TextLine>
          <TextLine ID="eSc_line_43543425"
                    TAGREFS="LT8"
                    BASELINE="327 974 1021 976" 
                    HPOS="326"
                    VPOS="938"
                    WIDTH="695"
                    HEIGHT="58">
            <Shape><Polygon POINTS="327 974 326 983 344 990 345 990 346 990 388 986 422 992 423 992 424 992 443 985 445 985 448 985 475 991 476 991 518 987 536 985 546 987 571 992 571 992 572 992 588 988 595 986 607 988 641 994 642 994 668 989 684 986 732 986 737 990 741 994 742 994 743 994 744 994 770 991 798 987 804 991 808 995 809 995 810 995 811 996 886 996 886 995 887 995 888 995 890 993 895 989 901 993 905 995 906 995 907 996 964 996 964 995 970 994 1004 987 1018 995 1021 976 1021 949 935 940 911 940 910 940 909 940 908 940 898 948 897 949 750 948 748 947 734 939 734 939 733 939 701 946 693 948 689 946 683 943 682 943 681 943 655 946 635 948 625 946 602 939 601 939 559 938 558 938 557 938 533 945 531 945 528 945 507 938 506 938 505 938 504 938 490 944 485 947 479 944 474 942 473 942 472 942 471 942 463 944 451 947 445 944 438 939 437 939 436 939 435 939 435 939 434 939 428 944 425 946 409 943 384 939 383 939 382 939 369 943 354 947 327 943 327 974"/></Shape>
	    <String CONTENT="les contreindroit d’en prendre.13.q.2. poſtquam"
                    HPOS="326"
                    VPOS="938"
                    WIDTH="695"
                    HEIGHT="58"></String>
          </TextLine>
          <TextLine ID="eSc_line_3271d49e"
                    TAGREFS="LT8"
                    BASELINE="333 1024 1019 1024" 
                    HPOS="333"
                    VPOS="988"
                    WIDTH="686"
                    HEIGHT="55">
            <Shape><Polygon POINTS="333 1024 333 1043 441 1034 540 1036 555 1043 556 1043 557 1043 652 1034 697 1035 706 1043 707 1043 707 1043 708 1043 816 1034 850 1042 930 1043 935 1043 936 1043 937 1043 966 1034 1018 1043 1019 1024 1019 997 983 991 982 991 981 991 968 995 961 989 961 988 960 988 959 988 958 988 957 988 941 993 936 988 935 988 934 988 890 988 889 988 888 988 887 988 879 995 878 996 875 995 856 988 855 988 854 988 853 988 830 995 825 996 821 995 807 988 806 988 805 988 804 988 792 994 788 997 707 997 699 993 683 988 682 988 681 988 680 988 663 993 658 994 655 993 644 988 643 988 642 988 641 988 630 993 622 996 611 992 598 988 597 988 563 988 562 988 561 988 551 992 541 996 482 991 465 990 464 990 451 991 389 996 333 990 333 1024"/></Shape>
	    <String CONTENT="precio. Mais ce ſeroit bien peu de choſe ſ’il n’y"
                    HPOS="333"
                    VPOS="988"
                    WIDTH="686"
                    HEIGHT="55"
                    WC="0.9749973197372592"></String>
          </TextLine>
          <TextLine ID="eSc_line_0930878e"
                    TAGREFS="LT8"
                    BASELINE="327 1071 1022 1073" 
                    HPOS="326"
                    VPOS="1036"
                    WIDTH="696"
                    HEIGHT="51">
            <Shape><Polygon POINTS="327 1071 326 1083 481 1086 482 1086 515 1085 554 1082 592 1085 612 1086 613 1086 621 1085 638 1082 691 1085 719 1087 720 1087 729 1085 744 1083 788 1086 806 1087 807 1087 848 1086 996 1083 1020 1087 1022 1073 1022 1045 997 1037 996 1037 973 1037 972 1037 971 1037 970 1037 961 1044 961 1045 885 1045 884 1044 869 1037 868 1037 867 1037 866 1037 848 1044 846 1044 844 1044 821 1037 820 1037 819 1037 793 1043 788 1045 727 1045 720 1043 694 1037 693 1037 630 1042 619 1043 615 1042 597 1036 596 1036 543 1036 542 1036 541 1036 540 1036 533 1042 531 1043 522 1042 502 1038 501 1038 500 1038 487 1041 484 1042 482 1041 469 1036 468 1036 467 1036 422 1041 402 1043 327 1041 327 1071"/></Shape>
	    <String CONTENT="auoit aultre excommuniement plus à craindre"
                    HPOS="326"
                    VPOS="1036"
                    WIDTH="696"
                    HEIGHT="51"
                    WC="0.9705853313207626"></String>
          </TextLine>
          <TextLine ID="eSc_line_d2ac1fdd"
                    TAGREFS="LT8"
                    BASELINE="330 1120 1021 1123" 
                    HPOS="330"
                    VPOS="1083"
                    WIDTH="691"
                    HEIGHT="56">
            <Shape><Polygon POINTS="330 1120 330 1137 560 1131 621 1139 626 1139 627 1139 630 1139 657 1132 772 1132 788 1139 790 1139 791 1139 792 1139 793 1139 794 1139 794 1139 802 1133 824 1139 826 1139 827 1139 828 1139 837 1139 886 1135 967 1139 972 1139 973 1139 974 1139 993 1134 1019 1139 1021 1123 1020 1085 998 1085 997 1085 996 1085 995 1085 994 1085 979 1094 963 1085 961 1085 960 1085 959 1085 951 1085 899 1095 875 1095 866 1086 864 1085 863 1085 862 1085 861 1085 860 1085 859 1085 856 1086 842 1094 763 1094 751 1087 744 1084 743 1084 692 1084 691 1084 690 1084 681 1087 671 1094 627 1094 614 1088 600 1084 599 1084 598 1084 568 1088 553 1091 540 1089 524 1086 523 1086 522 1086 521 1086 517 1089 511 1093 467 1093 463 1089 455 1083 454 1083 453 1083 397 1083 396 1083 395 1083 394 1083 384 1090 380 1092 330 1091 330 1120"/></Shape>
	    <String CONTENT="que le ſien. Car il en y a bien vn aultre, qui est"
                    HPOS="330"
                    VPOS="1083"
                    WIDTH="691"
                    HEIGHT="56"
                    WC="0.9712630879878997"></String>
          </TextLine>
          <TextLine ID="eSc_line_9df68576"
                    TAGREFS="LT8"
                    BASELINE="329 1166 1019 1171" 
                    HPOS="328"
                    VPOS="1132"
                    WIDTH="691"
                    HEIGHT="59">
            <Shape><Polygon POINTS="329 1166 328 1176 378 1186 379 1186 380 1186 395 1178 414 1178 441 1178 443 1179 466 1188 467 1188 468 1188 503 1181 546 1188 547 1188 548 1188 549 1188 560 1181 562 1181 622 1189 623 1189 624 1189 638 1182 644 1180 696 1180 701 1184 705 1187 706 1187 707 1187 707 1187 708 1187 719 1184 722 1183 726 1184 742 1190 743 1190 744 1191 777 1191 777 1190 778 1190 779 1190 779 1189 784 1185 788 1181 809 1181 851 1181 859 1186 863 1190 864 1190 865 1190 866 1191 883 1191 883 1190 884 1190 885 1190 888 1187 895 1182 1017 1189 1019 1171 1019 1144 993 1135 992 1135 991 1135 932 1143 931 1143 930 1143 921 1135 920 1135 919 1135 880 1134 879 1134 823 1142 822 1142 788 1137 787 1137 786 1137 777 1141 765 1134 764 1134 763 1134 762 1134 761 1134 735 1142 716 1142 699 1142 699 1141 688 1133 687 1133 686 1133 685 1133 684 1133 661 1139 645 1133 644 1133 643 1133 642 1133 641 1133 630 1139 582 1140 569 1132 568 1132 567 1132 566 1132 523 1140 521 1140 379 1140 378 1139 362 1132 361 1132 360 1132 329 1139 329 1166"/></Shape>
	    <String CONTENT="denoncé par plus grand eueſque: c&#x27;eſt de Ieſus"
                    HPOS="328"
                    VPOS="1132"
                    WIDTH="691"
                    HEIGHT="59"
                    WC="0.9677209372216082"></String>
          </TextLine>
          <TextLine ID="eSc_line_accd84ed"
                    TAGREFS="LT8"
                    BASELINE="332 1217 1019 1220" 
                    HPOS="331"
                    VPOS="1180"
                    WIDTH="688"
                    HEIGHT="57">
            <Shape><Polygon POINTS="332 1217 331 1225 380 1226 390 1235 391 1235 392 1235 393 1235 437 1228 447 1235 448 1235 449 1235 450 1236 507 1236 507 1235 508 1235 509 1235 516 1229 519 1227 546 1227 566 1227 569 1230 575 1236 576 1236 577 1236 578 1237 631 1237 631 1236 632 1236 649 1231 660 1228 693 1232 730 1236 731 1236 732 1236 743 1233 759 1228 765 1233 767 1235 768 1235 769 1235 770 1235 771 1235 776 1233 784 1231 794 1234 808 1237 809 1237 810 1237 811 1237 816 1234 824 1229 831 1234 833 1236 834 1236 835 1236 836 1236 858 1235 934 1229 946 1236 947 1237 948 1237 949 1237 950 1237 951 1237 953 1236 972 1232 1017 1237 1019 1220 1018 1192 994 1192 994 1191 980 1182 979 1182 979 1182 872 1182 871 1182 870 1182 850 1191 849 1191 848 1191 826 1182 825 1182 824 1182 823 1182 801 1190 790 1185 789 1185 788 1185 788 1185 778 1190 777 1191 655 1191 654 1190 643 1181 642 1181 641 1181 640 1181 639 1181 608 1189 575 1182 574 1182 544 1189 527 1180 526 1180 497 1180 496 1180 495 1180 477 1189 477 1190 448 1190 447 1189 427 1180 426 1180 425 1180 402 1181 401 1181 400 1181 390 1189 373 1180 372 1180 371 1180 332 1188 332 1217"/></Shape>
	    <String CONTENT="Chriſt &amp; ſés Apoſtres, aux Actes huictieſme"
                    HPOS="331"
                    VPOS="1180"
                    WIDTH="688"
                    HEIGHT="57"
                    WC="0.9665046483278275"></String>
          </TextLine>
          <TextLine ID="eSc_line_238b1213"
                    TAGREFS="LT8"
                    BASELINE="332 1265 1022 1268" 
                    HPOS="332"
                    VPOS="1231"
                    WIDTH="690"
                    HEIGHT="55">
            <Shape><Polygon POINTS="332 1265 332 1274 353 1274 355 1275 376 1283 377 1283 378 1283 411 1278 432 1283 433 1283 434 1283 435 1283 435 1283 445 1275 445 1274 446 1275 464 1283 465 1283 466 1283 467 1283 497 1275 509 1283 510 1283 511 1283 512 1284 512 1283 513 1283 514 1283 524 1275 531 1280 532 1280 533 1280 534 1280 535 1280 546 1275 548 1274 637 1274 638 1275 652 1284 653 1284 654 1284 655 1285 748 1285 748 1284 749 1284 769 1276 776 1281 777 1281 778 1281 779 1281 928 1276 978 1285 979 1286 1004 1286 1004 1285 1005 1285 1021 1275 1022 1268 1022 1238 1014 1233 1013 1233 1012 1233 1011 1233 1010 1233 994 1240 991 1241 988 1240 974 1233 973 1233 972 1233 971 1233 950 1239 943 1242 855 1242 849 1239 839 1234 838 1234 837 1234 836 1234 823 1238 814 1241 788 1240 787 1238 779 1232 778 1232 777 1232 712 1232 711 1232 710 1232 709 1232 709 1233 705 1237 703 1239 698 1237 689 1234 688 1234 687 1234 686 1234 677 1237 667 1240 657 1237 651 1234 650 1234 649 1234 625 1236 589 1240 565 1236 559 1235 558 1235 534 1235 435 1239 428 1234 424 1231 423 1231 422 1231 421 1231 420 1231 413 1234 406 1238 402 1234 398 1231 397 1231 396 1231 395 1231 332 1233 332 1265"/></Shape>
	    <String CONTENT="chapitre, contre ceux qui eſtiment ou veulent"
                    HPOS="332"
                    VPOS="1231"
                    WIDTH="690"
                    HEIGHT="55"
                    WC="0.9774289766947428"></String>
          </TextLine>
          <TextLine ID="eSc_line_7a9f12a3"
                    TAGREFS="LT8"
                    BASELINE="333 1314 816 1320 1018 1317" 
                    HPOS="332"
                    VPOS="1278"
                    WIDTH="686"
                    HEIGHT="75">
            <Shape><Polygon POINTS="333 1314 332 1331 435 1332 452 1343 453 1343 454 1343 455 1343 473 1339 494 1349 495 1349 496 1349 523 1343 538 1350 539 1350 540 1350 592 1345 612 1349 613 1349 614 1349 646 1337 709 1341 724 1351 725 1351 726 1351 727 1352 772 1352 772 1351 773 1351 799 1338 827 1336 845 1352 846 1352 847 1352 898 1353 899 1353 900 1353 932 1341 1017 1336 1018 1317 1016 1292 953 1285 952 1285 907 1291 903 1291 902 1291 894 1283 894 1282 893 1282 892 1282 891 1282 854 1290 853 1290 850 1290 729 1284 728 1284 629 1288 620 1280 619 1280 618 1280 577 1280 576 1280 575 1280 574 1280 562 1288 541 1279 540 1279 524 1279 523 1279 522 1279 521 1279 512 1287 494 1287 487 1280 487 1279 486 1279 485 1279 429 1279 428 1279 398 1286 380 1278 379 1278 378 1278 333 1286 333 1314"/></Shape>
	    <String CONTENT="auoir le don de Dieu pour or &amp; argẽt, &amp; non"
                    HPOS="332"
                    VPOS="1278"
                    WIDTH="686"
                    HEIGHT="75"></String>
          </TextLine>
        </TextBlock>
        <TextBlock HPOS="952"
                   VPOS="1343"
                   WIDTH="71"
                   HEIGHT="48"
                   ID="eSc_textblock_09287cb9"
                   TAGREFS="BT17">
          <Shape><Polygon POINTS="952 1343 952 1391 1023 1391 1023 1343"/></Shape>
          <TextLine ID="eSc_line_af45e529"
                    TAGREFS="LT8"
                    BASELINE="957 1370 1020 1369" 
                    HPOS="956"
                    VPOS="1338"
                    WIDTH="64"
                    HEIGHT="59">
            <Shape><Polygon POINTS="957 1370 958 1397 977 1392 1019 1396 1020 1369 1017 1338 956 1342 957 1370"/></Shape>
	    <String CONTENT="par"
                    HPOS="956"
                    VPOS="1338"
                    WIDTH="64"
                    HEIGHT="59"
                    WC="0.9966378211975098"></String>
          </TextLine>
        </TextBlock>
      </PrintSpace>
    </Page>
  </Layout>
</alto>
