1088 1736
74 104 699 58 par la ſeule grace et miſericorde de Dieu lequel

72 150 687 62 veult q̃ nous apprentõs de luy d'eſtre benigz el

73 206 687 52 debonnaire, dõnans ſans en riẽ receuoir. Car l'a

71 258 684 50 uons eu pour neant, reprenas noz freres en tou

66 295 692 59 te doulceur lés amenans à la vraye bergerie de

69 346 689 62 ſon egliſe, leur pardõnans ainſi q̃ nous voulõs q̃

67 399 690 58 noſtre pere celeſte nous pdõne, les admoneſtans

67 448 693 56 cõe freres, declairãs touteffois leur iniquite, aiſi

68 496 692 57 que la polle de dieu porte, affin que leur ame ne

68 542 681 61 ſoit pdue p nostre negligẽce: car elle ſeroit de:

64 594 694 55 mãdée de noz mais, ne faiſas ce que debuõs. mais

65 642 689 55 ſ'ilz ſont obſtincz en leur malice, reiectans la do

61 693 697 51 ctrine, l'admonitiõ et parolle de Dieu cõe chiẽs

61 739 690 56 et pourceaux, ne leur fault dõner lés choſes ſain

61 789 690 55 ctes ne lés marguerites:a ce q̃ ne lés gaſtẽt. Ais lés

59 838 694 55 excõmunier et reiecter de l'epliſe de Ieſus: c’eſt¬

59 888 693 55 aßauoir de la ſaicte cõgregatiõ dés vrays chre¬

59 935 691 56 ſtiens et fideles, cõme mẽbres pourris, indignes

57 982 687 57 du corps de Ieſus, ſe cõformãt touſiours à la pu¬

58 1033 693 55 re polle de dieu laquelle ne peut faillir. Touchãt

56 1079 694 59 le nõ que i’ay dict, Melchizedeh, au ſeul leſus eſt

55 1131 696 55 attribue es eſcriptures, & non ſans cauſe: car à

56 1180 690 53 luy tant ſeulement appartient, veu qu'il eſt Roy

54 1223 691 64 de iuſtice, & rex ſalem, Roy de paix, ſans genea

55 1277 694 69 logie, ſans pere, ſans mere, ſans commencement,

769 146 112 57 Mat.1I.

769 193 79 51 &10.

765 271 115 47 Mat.18.

766 303 106 48 Iell .n1.

763 383 106 60 Mat.6.

758 536 101 74 EarCN.

761 738 106 41 Mat.?.

759 771 111 44 Mat.18.

753 1232 110 58 Hebr.7.

629 1330 121 76 & ſans
