1088 1736
217 189 112 62 2.theſſ..

326 101 692 59 et ſans fin en ce qu’il est Dieu et vn auec ſon pe

327 153 692 54 re. Mais ceſtuy cy q ſ’eſt voulu esleuer ſus Dieu

338 195 680 63 ſe faiſant adorer cõme Dieu, ſ'eſt bien oſe nom

331 249 688 54 mer Melchizedel, libr.2 ration. diuino. offici.

333 298 690 52 Car il luy appartiẽt bien, c'eſt vn bn roy(ſi ie ne

332 348 691 56 mẽs) de paix, en ſuſcitãt, cõme vn chaſcun voit,

332 396 691 54 toutes guerres, diuiſiõs, debatz, ẽtre lés roys, prin

333 444 688 57 ces & ſeigneurs de la terre, de grãde genealo¬

339 493 687 58 gie, ſorty de quelque drogue d’apotiquaire, bail

333 543 693 53 lant la recepte à tous cés medecins. Mais quelle

333 592 692 55 audace ie vous prie, quelle arrogance eſt cecy, ſe

334 639 692 53 nõmer Melchizedel, vſurpãt ainſi le nom de le

334 683 686 63 ſus?il ne fault eſtre eſmerueillé ſil a vſurpé l'of

336 735 694 58 fice, lés biẽs dés roys et prices de laterre, veu ql

335 784 695 56 le fait à Dieu. Aucũs pourrõt eſtre marris de ce

336 833 695 59 qui est dict par vne femme, cõme n’appartenãt à

337 882 693 55 icelle, diſans eſtre faict à plaiſir. Mais ie vous

338 929 691 60 prie n’estre en rien offenſez: car ne fault penſer

339 978 691 54 qu'il ſoit faict par hayne ne rancune:mais ſeule¬

338 1028 694 56 mẽt pour edifier mõ prochai, le voyãt en ſi gran

340 1076 694 57 des & horribles tenebres, palpables plus que cel

339 1127 694 51 lés d’Egypte. Neantmoins ſ'il vous plaiſt regar

337 1175 696 51 der et diligẽmẽt examiner les textes cy alleguez

335 1223 697 56 Ieſquelz eux meſmes ont eſcript en leurs decretz,

333 1270 701 69 les cõftras à laſaicte eſcripture auec bõ iugemẽt,

217 1107 112 47 ExO. 10.

948 1330 85 59 trou¬
