1088 1736
79 138 694 60 trouuerez plus ãplement q̃ ie ne dy. Car ne ſçau

79 188 696 58 roye eſcrire & declairer les grandes folies, meſ¬

80 237 694 59 chancetez & horribles blaſphemes qui ſont eſ¬

80 288 692 55 criptz en leurs liures & decretz: car außi n'est

80 335 692 56 hõme qui le ſceuſt aſſez deuemẽt declairer. Com

79 384 690 59 mẽt le fera dõc vne femme? Et pourtãt ſoyez di¬

79 433 693 56 ligẽs de bien examiner lés textes & la cõſequẽce

80 484 692 56 d’iceux, & verrez ce que ie dy eſtre veritable.

80 530 688 61 Et ꝑ cõſequẽt auoir mal veſcu et cheminé ſelon

79 580 692 56 chreſtienté: cõme aſſez clairemẽt pourrez enten

79 626 692 61 dre ſeulement par troys raiſons, leſquelles deb¬

78 677 691 58 uroyẽt principalemẽt eſmouuoir le fidele à fuyr

78 727 693 58 ceſte meſchãte loy papale. C'eſtaſſauoir, en ce

81 774 690 60 qu’ilz renõcent la mort & paßiõ de Ieſus, quãd

78 825 693 55 par vne aultre redẽption veulẽt racheter le pao

77 871 694 60 ure peuple: lequel a eſté racheté par le precieux

80 921 690 56 ſang de Ieſus vne ſeule fois. Mais eux non con¬

77 968 692 59 tẽs d'icelle redẽption, en font vne aultre de pain

79 1017 688 56 et de vin ſecrettemẽt en leur canõ. Qui est celuy

79 1068 687 58 qui ne ſe tiẽne trop plus q̃ cõtent d’auoir payé

80 1113 683 56 vne fois vn debte? mais voulãt ſatiſfaire de re¬

80 1161 684 59 chef au ſecõd, on renõce au premier. Et ne fault

78 1211 692 57 cõtrouuer excuſe en ce qu’ilz diſẽt, qu’ilz le font

77 1259 689 55 en la memoire de la mort et paßiõ de Ieſus chriſt:

78 1309 693 62 car ilz ſont mẽteurs, ilz le font en memoire de la

665 1358 103 59 vierge
