1088 1736
326 135 690 56 vierge Marie, mere de Dieu (cõme ilz diſent) et

326 185 691 55 de leſus Christ, & de pluſieurs aultres: cõme est

326 235 691 53 cõtenu en leur cõmunicãtes & memoriã facien¬

325 283 693 54 tes. C'eſtaſſauoir, en memoire de Clite, de Griſo

326 332 692 53 gone, de Coſme & de Damien. L’aultre rai¬

330 379 681 57 ſon, en ce que nõ ſeulemẽt trõpent, ſeduiſent &

326 431 691 56 pillẽt le paoure peuple: mais pires que Turcz et

326 477 694 55 infideles, cõme chiens enragez font adorer l’ad¬

327 525 689 55 uerſaire & ennemy de Dieu. Et veulẽt que par

327 574 691 52 leurs tyrãnies il ſoit adoré. Car tout ainſi que Sa

328 623 689 55 thã a voulu eſtre adore de Ieſus ſur la mõtaigne

327 671 691 54 luy mõſtrant lés royaumes de la terre, promettãt

327 717 689 55 Iés luy dõner, ſi en ſe proſternãt le vouloit ado¬

326 765 688 56 rer: außi font ceux cy à ceux qui le veulẽt ſeruir

329 814 687 58 ſuyure, et hõnorer. Tu le voys aſſez apertement

326 864 692 55 en ceux qui veulẽt preſcher puremẽt Ieſus et ſa

326 913 692 55 parolle, comme ilz font dechaſſez dés cours dés

327 963 690 53 roys, princes et ſeigneurs. Mais en abiurãt et re

326 1010 689 54 tournãt baiſer la pantouffle de ce grãd ſerrurier

326 1057 686 57 aduerſaire de Ieſus, ſont veneficiez, prebendez,

326 1109 689 52 rentez, coronnez & mittrez: voire qui pis est,

329 1154 682 56 ſoubz vmbre de l’euangile. Cõme ſi toy royne,

328 1203 690 54 & lés aultres princes et ſeigneurs vouloient en

327 1253 689 49 tretenir telle vermine ſur la terre, ce que ne puis

331 1301 690 68 bõnemẽt croyre estre voſtre vouloir. Mais (diſẽt

952 1350 64 66 ilz)
