1088 1736
45 120 691 63 ilz) vn aultre le feroit außi, & mieulx vault que

46 168 692 64 ie le face que lés infideles. Car ie preſcheray, ie

46 219 691 61 endoctrineray, ie bailleray bõexemple, i’en feray

47 267 686 62 dés biens, retirant lés paoures freres perſecutez,

45 317 691 61 et außi ne ſ'en feroit ne plus ne mois pour moy,

47 368 692 57 mais ce pendant ie pourray crocheter vne eueſ¬

46 410 683 61 ché. O miſerable creature, la dãnation en eſt iu¬

51 462 685 58 ſte, faiſant mal affin que bien en aduiẽne. Certes

48 512 691 57 Moſeh eſtant le premier de la maiſon de Pha¬

47 563 692 56 raob, eust peu trouuer plus de moyẽs, plus d’ex¬

49 608 689 61 cuſes & plus de raiſons que toy, ſ’il eust aymé

45 656 680 61 lés honneurs mondains:mais il a mieulx ayme lés

44 703 686 63 opprobres, paouretez & iniures, que toutes lés

46 753 687 62 richeſſes dés egyptiẽs. Parquoy, dame, ie te prie,

45 801 691 60 euite lés, ce ſont flatteurs, ilz ne demãdent qu’eux

45 851 688 61 meſmes: & non ce qui eſt de Ieſus Christ, trop

45 900 690 55 lés as rentez & entretenuz. Car ta grande doul

45 949 688 60 ceur & humantté lés a gaſtez & perdus. Et ſi

45 998 689 58 est grandement à craindre qu'eux meſmes ne te

47 1046 687 60 gaſtent par leurs flatteries, & par trop grandes

46 1094 688 60 papelar deries. Qui eſt celuy d’eux maintenant

45 1141 689 60 preſchant le ſainct euangile, qui ignore lés Ima

50 1186 677 66 ges eſtre faictes & controuuées au deſpit de

43 1236 684 57 Dieu, & contre le commandement & ordon¬

41 1288 683 77 nance d’iceluy? nommées & appellées par tout

734 422 103 59 Rom.3.

737 647 104 52 Exod.2

734 685 93 37 Act.7.

739 707 108 68 Heb. 12

732 1206 105 51 ExO.2.

733 1245 104 43 Sap.13.

733 1282 103 39 deu.4.5

729 1310 108 51 7012.27

651 1342 84 55 en la
