1088 1736
222 109 109 58 Praians

229 159 64 43 R9

341 105 689 74 en la ſaincte eſcripture diables. Leſquelles neant

336 163 695 63 moins font adorer & ſeruir, ſe couurans d’vn

340 210 689 66 ſac moillé, prenans ceſte couuerture de leur

339 259 692 67 teſte: qu’ilz le font pour l’hõneur de Dieu, ce ſont

342 314 688 58 les liures dés paoures ignorans, ce que nous

344 353 685 70 faiſons c’eſt p bõne intentiõ, & ſi ſupportõs lés

342 407 681 61 infirmes. Cõme ſi Dieu vouloit eſtre ſeruy &

341 451 689 67 hõnoré contre ſon cõmãdement & à la fantaſie

344 501 687 68 dés hõmes. Laquelle choſe n'eſt pas ainſi: car il

347 553 680 61 veult que ne faciõs ce que nous ſemble beau &

343 599 689 61 bõ: mais tant ſeulemẽt ce qu’il nous cõmãde, bail

345 642 685 72 lant malediction à celuy, qui y adiouſte, ou dimi

340 697 692 62 nue. Non cõtens de cela, viẽnent en leurs cerc¬

340 746 691 64 monies, appellelés ſi tu veulx veſpres ou matines,

341 794 692 66 mauldire ceux qui font lés images, et tous ceux

343 840 689 67 qui ont cõfiance en icelles. En quoy eſt demõstré

341 890 689 64 leur grãde malediction, ingratitude et meſchan¬

340 938 691 65 ceté, veu qu’en dõnant & offrant à leurs idoles,

339 989 691 63 mauldiſent le paoure peuple. Leſquelles ne re¬

350 1030 681 73 çoiuẽt le don ne l’offerte:mais ſont eux et leurs

343 1081 692 68 chãberieres: cõe faiſoiẽt lés ſacrificateurs de Bel

343 1133 689 66 en Babylone. Leſq̃lz pour biẽ couurir leur cas

343 1179 690 68 dirõt, il n'eſt pas ainſi entendu, Dauid le pphete

344 1230 689 65 n'entẽdoit pas de nous, mais dés aultres idolatres

347 1278 686 82 qui eſtoiẽt de ſon temps: car l’eſcripture a pli¬

230 547 102 42 Deut.1

228 579 97 42 Gal.i.

225 642 112 79 Apoaz

227 787 106 45 Pfal.u5

228 823 99 51 ou.113.

224 1045 116 64 Dan.id.

942 1328 92 59 ſieurs
