1088 1736
37 422 74 129 T

26 84 685 56 A TRES CHRESTIENNE PRIN¬

44 134 641 60 ceſſe Marguerite de Frãce, Royne de Nauar

105 185 526 58 re, Ducheſſe D'alençon et de Berry:

168 231 405 58 M. D. deſire ſalut, & aug

212 283 319 53 mẽtatiõ de grace, par

179 327 377 57 IESVS CHRIST.

108 438 613 63 Out ainſi, ma treſhonnorée Dame, que lés

120 486 601 65 vrays amateurs de verité deſirent ſça¬

25 537 695 61 uoir & entendre comment ilz doibuent viure à

27 587 695 63 ce temps ſi dangereux: außi nous femmes, deb¬

27 637 694 61 uons ſçauoir fuyr & euiter toutes erreurs, he¬

27 683 695 62 reſies, & faulſes doctrines: tant dés faulx chre¬

29 732 693 63 ſtiẽs, Turcz, Infideles, que aultres ſuſpectz en

27 783 693 61 doctrine: comme deſia aſſez par voz eſcriptz

29 830 692 62 eſt demonſtré. Et iaçoit ce, que pluſieurs bons

29 878 695 65 et fideles ſeruiteurs de Dieu, ſe ſoyent perforcez

28 927 699 63 au temps paſſé, d’eſcrire, preſcher, & annõcer

29 976 699 60 la Loy de Dieu, l’aduenement de ſon filz Ieſus

34 1024 697 61 Chriſt, les œuures, la mort, & la reſurrection

35 1074 697 63 d’iceluy: ce nonobſtant ont eſté reiectez, & re¬

37 1121 699 65 prouuez, principalement dés ſages du peuple.

38 1170 700 62 Et non ſeulement ceux cy: ains le propre filz

40 1218 701 61 de Dieu, Ieſus Chriſt le iuſte. Parquoy il ne vous

47 1267 690 74 fault eſtre eſmerueillée, ſi de noſtre temps voyõs

503 1316 243 64 a2 telles
