1088 1736
60 131 692 62 ſieurs ſens, elle ſ'entend en pluſieurs manieres, il

55 183 693 57 n’appartiẽt pas aux femmes la ſçauoir, ne à gens

56 232 686 57 qui ne ſoient literez, & qui n’ont lés degrez &

55 279 693 57 eſcheles de docteurs: mais doibuent ſeulement

55 326 692 62 croyre ſimplement ſans ſ'enquerir de rien, ſinon

56 375 692 60 de faire bõne chiere, cõme auõs de couſtume, de

60 423 686 65 faire ſes beſõgnes, filler ſa quenoille, viure cõe

55 474 694 60 noz predeceßeurs, cõme ſon voiſin. Car qui vit

57 521 690 61 cõme ſon voiſin il ne fait ne mal ne biẽ. Ha, cer¬

58 569 688 62 tes biẽ eſt vray qu'ainſi faiſant, feres biẽ dés vo

58 618 689 65 ſtres, baillãs beaucoup de ſens à l'eſcripture, et à

61 669 686 59 vous vn ſac poͬ le rẽplir. Quãt à vous ce ſeroit

57 715 692 61 treſbiẽ entẽdu: mais à nous faict & creu, nõ pas

58 763 693 65 ſeulement ſimplement: mais plus que follemẽt. Ie

58 811 696 64 demãde, Ieſus n’eſt il pas außi biẽ mort pour lés

61 863 687 62 paoures ignorãs & idiotz, que pour Meßieurs

59 909 694 64 lés raſés, tondus & mittrez? Eſt il tant ſeulemẽt

60 955 694 68 dict, allez, preſchez mõ Euagile à meßieurs lés ſa

61 1005 699 65 ges & grãdz docteurs? N'eſt il pas dict à tous?

59 1053 692 64 Auõs nous deux euangiles? l'vn pour lés hõmes

61 1102 692 67 & l'aultre pour lés femmes? l'vn pour lés ſages

62 1152 690 63 & l'aultre pour lés folz? Ne ſommes nous pas

65 1202 688 61 vn en noſtre Scigneur, au Nom duquel ſommes

60 1247 690 63 nous baptizez de Pol ou d’Apollo, du Pa?pe ou

64 1295 691 74 de Luther? N’eſt ce pas au nom de Chriſt Cer¬

755 1234 111 75 1.Cor.1.

571 1341 185 53 d tes
