1088 1736
339 150 694 63 Car il eſt certain que Dieu veult deſtruyre la ſa

346 200 687 66 geſſe dés ſages, & la prudence dés prudens. Et

337 246 695 67 ſi a esleu lés choſes foibles, petites et cõtemptibles

338 299 695 63 pour abbatre lés grãdes 1.Corint.1. Il y a plu¬

337 349 697 63 ſieurs cauſes & raiſons, par leſquelles tu pour¬

335 402 697 57 ras entẽdre pourquoy cecy a tant eſté mucé &

335 444 699 62 caché. L'vne des principales ꝗ te doibt ſatiſfaire

338 493 697 64 eſt, que quand il a pleu à Dieu ſuſciter quelque

338 542 697 62 bon & fidele perſonnage pour dire & declai¬

337 589 696 65 rer lés abus et meſchãcetez dés papes et dés ſiẽs,

342 636 689 67 lés roys, princes & ſeigneurs qui ont cõmis for

337 686 699 59 nicatiõ auec ceſte grãde paillarde pleine d’abo¬

340 735 693 60 minatiõ et d’immũdicite romaine, ont eſté (ſ'il le

342 783 691 62 fault dire cõtre mõ cœur) lés bedeaux et ſatellites

341 831 694 68 pour executer la ſentẽce iniꝙ̃ affin q̃lle feuſt ado

341 881 692 61 rée et ſeruie cõe Dieu, ſe ſeant au tẽple de Dieu

343 928 688 65 cõe ſi ce feuſt Dieu. Et tout ainſi que dict le Pro

348 976 685 68 phete Micheas, est aduenu: c’eſtaſſauoir que le

345 1030 694 61 prince requiert, & le iuge obeit: ilz luy ont tel¬

346 1079 683 60 lemẽt obey & ſeruy qu’ilz ont perſecuté le ſang

355 1124 676 59 d'Abel et de Zacharie filz de Barachie, iuſtes et

345 1175 690 64 innocẽs iuſques à la mort, & de preſent perſecu¬

345 1228 688 58 tent comme ont faict leurs peres, tellement que

346 1274 687 62 la clameur eſt montée au ciel, crians vengeãce.

354 1317 673 74 quand feras tu ton iugement Seigneur Dieu? O

219 645 110 63 Apo.17

230 925 106 51 2.theſ.2

234 1002 108 51 mich.7.

235 1132 113 48 Mat.23.

228 1346 114 48 Apoc.6.

905 1370 127 55 malheu¬
