1088 1736
56 142 696 56 malheureuſe conſpiration, ô miſerable alliance,

56 192 697 56 ô mauldict iugement, qu’auez faict roys princes

55 241 694 57 & ſeigneurs auec ce grand gouliffre de Rome.

54 294 698 46 Monumẽtz cõment ne vous ouurez vous? Pier¬

54 340 696 52 res, cõmẽt ne fendez vous? Abyſmes, cõment ne

57 390 692 49 venez vous pour ẽgloutir et deuorer encore de

54 436 691 52 rechef cés paoures miſerables Coreh, Dathã &

54 488 695 53 Abirõ? O adherãs et fauteurs du pape, ne voyez

57 535 690 55 vous point biẽ que vous faictes manifeſtemẽt la

53 582 696 52 bataille contre Dieu? Vous l'auez grãde lés vns

50 622 693 69 contre lés aultrés, affin que Dieu ſoit vẽgé de ſés

52 687 688 50 ennemis ꝑ ſes ennemis. Mais celle qu’auez cõtre

51 728 690 57 luy, eſt plus grande que la voſtre: car n’en ver¬

54 776 687 56 rez iamais la fin: aĩs pluſtost abbatrez l'vn l'aul

54 826 680 55 tre que ceſte cy. Et d’autãt plus que perſecutez,

54 875 685 55 d’autant plus allumez ce grãd feu conſummant.

54 923 688 48 Elle est domeſtique et dedẽs lés cœurs dés hom¬

50 973 687 54 mes: voz couſteaux n’y peuuẽt rien, ilz ſont trop

53 1020 687 56 tẽdres. La choſe eſt trop plus q̃ certaine que cõ¬

51 1068 691 53 temnez la vraye foy chreſtiẽne. Et toutefois nul

51 1114 693 59 lemẽt eſtes eſmeuz y pouruoir : ains pluſtost ay¬

54 1164 690 56 mez ſeruir à la fureur de dieu que à ſa doulceur.

56 1214 688 53 Certes vous eſtes trop laſches, trop remplis de

56 1265 689 52 ce venin romain. Il est voſtre vaſſal, et vous en

57 1308 688 68 durez eſtre lés ſiens: meſme d’eſtre ſés laquetz,

749 626 91 49 Eſai.1.

748 709 108 50 Ierem.35

570 1362 174 60 d3 pour
