1088 1736
347 132 697 55 pour mener vne beste auec vous. diſt. 96. Cõſtan

343 181 700 56 tinus, diſant, que l'Emperur eſt le laquet du

345 229 698 56 Pape, & luy eſt dõné de cheuaucher cõe l’Empe

347 281 696 51 reur. N’eſtes vous pas biẽ aueugles, voyãs cela?

348 328 696 54 Le glaiue de Dieu eſt vostre, & il le vous oſte.

353 373 685 59 Vous eſtes ordõnez de Dieu pour deffendre &e

353 425 691 55 garder lés bõs, & pour punir lés meſchãs, mais

352 473 691 55 pour l’amour de luy, vous faites au contraire.

353 521 692 55 Laiſſez, pour l’hõncur de Dieu, ce maistre cruel,

360 564 681 59 & prenez Ieſus ſi bõ, et ſa parolle. Trop l’auez

354 617 691 59 ſeruy, trop luy auez obey. Reueillez vous roys

357 667 688 57 princes et ſeigneurs, trop auez dormy, la nuict

366 711 678 62 eſt paßée, le iour eſt venu, il ne reste q̃ vcoir. Ne

357 765 687 54 ayez plus tant voz cœurs phar ahoniq̃s, ſi peu eſ

355 808 693 61 meuz à pitie, tãt tardiſz à voſtre ſalut, et au ſalut

358 863 687 54 du paoure peuple. Et ſi ne le faictes, trouueres

357 908 689 58 plus fort que vous, duq̃l peu ou riẽ n’estimez ſa

360 960 683 52 volũte, laquelle en ce tẽps cy a voulu declairer

357 1005 686 59 p ceux ql luy a pleu, ſans que l’eußiõs deſeruy:

355 1055 692 56 mais cõe ẽfles et ſupbes l’auez reiectée. Tellemẽt

350 1099 690 58 q̃ ſ'il y a q̃lque bõ pſõnage craignãt Dieu & ſa

353 1150 691 60 ſaicte polle, voulãt viure ſeulemẽt aiſi q̃ dieu cõ¬

351 1199 693 58 mãde, ſas faire tort à pſõne, detestãt toute idola¬

351 1250 691 56 trie, blaſpheme, ſupbie, paillardiſe, et iurõgnerie,

350 1299 692 65 brief, viure en hõe de biẽ: ſera pſecuté & mis à

241 556 99 67 Ephz.

244 699 105 41 Rom.i

241 734 112 50 2, ihel.5.

959 1354 83 64 mort
