1088 1736
65 111 691 64 mort, puis qu’il ne veult adorer l’Antechriſt, en

65 161 693 61 obſeruant les traditiõs cõtraires à Ieſus. Lequel

64 212 686 59 nonobſtant tous oultrages & iniures qu’on luy

68 257 688 66 ſçache faire, et à ſes mẽbres: ce neantmoĩs il dißi

66 307 688 63 pera tous ceux qui ſ'esleuẽt cõtre luy, par le glai

64 355 694 62 ue de ſa ꝑolle: cõtre laquelle ſ'esleuẽt cõe chiens

64 401 693 67 enragez. Mais il fault q̃ le cheſne deſpouille ſés

67 453 692 62 fueilles en tẽps deu, et le boys mis à ſon vſage, de

70 500 691 68 ſorte ꝗl ne ꝓffiter a plus. O quelz pleurs, quelles

66 550 696 63 lamẽtatiõs ſur la terre, voyãs telz marchãs ꝑdãs

66 599 694 62 leurs marchãdiſes d’or, d’argẽt, pain, vin, et, que

70 648 688 64 pis eſt, dés ames. Il y a ẽcore vne raiſõ generale

68 694 691 65 à tout cecy: laquelle biẽ entẽdue, eſt ſouffiſãte de

69 745 692 63 fermer la bouche à tous blaſphemeurs de verité.

69 791 690 66 Par ce ꝗl dõne à cõgnoiſtre à ſés creatures ſa Iu

71 840 687 66 ſtice et miſericorde: aux vns à leur cõdemnatiõ,

71 889 686 64 cõe à Pharaoh, luy dõnãt entẽdre ſa grãde puiſ

74 938 693 66 ſance par Moyſe: toutefoys il a eſté rebelle au

73 986 688 66 cõmãdemẽt de Dieu, cõbiẽ qu'il euſt veu lés grãs

78 1034 684 72 ſignes et miracles que Moyſe faiſoit ꝑ la puißã¬

74 1087 688 62 ce de Dieu en ſa preſẽce, car il auoit le cœur en

74 1134 691 64 durcy. Aux aultres eſt mãifeſte à leur cõſolation,

76 1182 685 65 et ſalut, ſãs qu’ilz l’ayẽt merité ne deſſeruy: mais

79 1228 684 70 ſa ſeule bõté et miſericorde leur fait grace de

78 1278 689 80 le cõgnoiſtre, et d’auoir pleine ꝑfaicte et ẽtiere

529 1325 247 75 d4 foy
