1088 1736
341 110 690 59 foy en ſon filz Ieſus, cõme il eſt mort pour noz

340 161 690 56 pechez et reſſuſcité pour noſtre iuſtificatiõ, la¬

343 207 688 57 q̃lle Foy ſeule nous iuſtifie, ſans les œuures de la

340 258 690 57 loy, nous faiſant aggreables à Dieu ꝑ le moyẽ de

342 307 680 55 Ieſus Chriſt, ainſi que au larron pẽdãt au boys,

341 351 686 55 et à Paul ꝑſecutant l'Egliſe dés chreſtiẽs allãt en

334 405 695 53 Damas, à Iacob deans le ventre de ſa mere, leq̃l

336 454 688 56 eſt de Dieu aymé & ſon frere Eſau hay, ſans q̃

336 501 691 54 l'vn ou l'aultre eußent faict ne bien ne mal. La

333 548 692 57 iuſtice & miſericorde de Dieu ſe mõſtre mani¬

335 597 690 60 feſtemẽt en ce. Et qui fait celà? n'eſt ce pas en la

337 647 688 58 puißãce de Dieu faire ce ꝗ luy plaiſt, de mener en

342 697 680 53 hault et ramener en bas, d’exalter et humilier,

332 741 687 59 d'eslire & reprouuer, de ſauuer et de damner,

331 789 690 59 de retirer ſa parolle & de la bailler quand luy

333 839 689 62 plaiſt? Qui eſt dõc celuy qui veult oſter l'office

333 888 687 61 de ce grand Maiſtre, puis qu’il l'a decreté, & à

330 939 690 58 qui tant ſeulemẽt appartient l’exercer auec puiſ

330 986 690 58 ſance, gloyre & hõneur? ſera ce l’hõme qui n'eſt

331 1036 688 61 que pourriture & meſchãceté, auquel appartiẽt

322 1085 697 56 toute cõfuſiõ? Et pourtãt, ô toy paoure creature,

322 1131 697 61 tu ne doibs aultre choſe faire ſinõ, te grãdemẽt

324 1179 693 61 humilier & rẽdre graces à ce bon pere plein de

325 1228 690 61 toute miſericorde, du grãd benefice & viſitatiõ

326 1275 686 74 qu’il ta faict à ce tẽps cy de ſon ſainct Euangile,

225 157 101 54 Rom.4

224 287 105 49 Mar.15.

221 363 110 47 Rom..9

225 401 91 47 Act̃.9.

221 914 104 55 Iſai.14.

214 1094 94 60 Dan.1

880 1334 136 57 te dõnãt
