1088 1736
66 105 688 58 te dõnant la veuë d'iceluy, lequel tant de roys au

65 155 692 63 tẽps paßé, tant de bõs ꝓphetes l’ont deſiré veoir

67 205 689 61 & ne l'ont pas veu. Car ilz n'eußent pas eſté ſi

65 255 690 57 ingratz à receuoir leſus & ſa ſaincte ꝑolle cõe

65 303 692 59 nous ſõmes. Tant de bons predeceſſeurs l'eußẽt

65 351 696 61 embraßé, leſq̃lz tant ſeulemẽt ont veu en eſperit

65 402 695 59 ce q̃ tu vois clairemẽt, auxquelz Dieu eſt puißãt

65 450 687 57 auoir faict grace, ſans lés cõdẽner ſi temeraire

65 498 696 57 mẽt estre dãnez cõme tu fais: & cõbien qu'il le

65 546 695 62 feroit, ne le feroit que iuſtemẽt. Car ſi l’aueugle

63 595 697 59 meine l’aueugle, ilz tõbent tous deux en la foſſe.

65 643 696 61 Neãtmoĩs la miſericorde de Dieu eſt grãde, leq̃l

63 694 698 59 regarde ſon filz Ieſus, et ꝑ lequel l'ignorãce dés

63 739 694 62 hõmes eſt ſouuẽteffois regardée. Et cõme il dit.

65 785 687 69 Si ie ne fuſſe venu, vous n'eußies poĩt de peché,

63 841 692 59 mais pourtant que ie ſuis venu, vous n’auez plus

65 890 691 54 excuſe de voſtre peché. Car beaucoup plus eſt à

63 934 694 66 reprẽdre le ſeruiteur ſçachãt la volũté de ſõ ſei¬

65 986 694 64 gneur, ne la faiſant, q̃ celuy qui ne la ſçait pas. Ce

64 1035 696 59 nõobſtant il eſt au maiſtre à reprẽdre & l'vn et

65 1082 694 62 l'aultre. Et obſtinée et folle ignorãce n'a poĩt de

65 1134 691 59 excuſe ẽuers Dieu, aĩs cõdẽnatiõ, quãd ꝑ vne cer

63 1180 693 61 taine malice, tu viẽs reſiſter à la ꝑolle de dieu la

66 1227 692 64 q̃lle t'eſt declairée ꝑ ſés miniſtres ẽuoiez de luy, et

74 1277 681 78 ꝑ luy, tellemẽt ꝗl n'eſt ſageße hũaine leur pouuoir

765 766 75 84 Ieh.9.

533 1326 219 64 d5 reſiſter
