1088 1736
337 104 696 61 reſiſter: mais fault q̃ lés plus aduerſaires en ren¬

340 155 691 60 dent teſmoignage à leur cõdemnatiõ: diſans eſtre

340 203 691 60 l'œuure de Dieu, et non dés hõmes. Leſquelz ſe¬

341 257 690 55 ront punis, ouuertement repugnans à leſperit de

340 302 690 58 Dieu. Car leur teſmoignage est diabolique. Et nõ

342 352 688 57 ſeulemẽt de ceux cy: ais de ceux q coniurẽt le pe

353 396 669 62 re de mẽſonge, qui ne demãde ſinõ de perdre &

345 447 686 59 gaſter, l’adiurãt de dire verite. En quoy mõſtrẽt

339 495 683 59 biẽ qlz ſont ſés filz, demãdans ap pbatiõ de leur

342 542 688 63 foy au diable, aſſauoir ſi la meſſe est bõne, ſi Dieu

338 596 690 55 est dedẽs le pain, ou ſi on preſche maintenãt ve¬

339 642 690 56 rité. Et ſi le linceul de Chãbery est le ſuaire de Ie

341 690 687 59 ſus Chriſt ou celuy de Beſançon, q à l'imitation

342 737 684 61 de Ieſus Chriſt le deburoiẽt fairetaire. Ie ne ſçay

338 787 688 58 cõment lés hõmes ſont ſi ignorãs, ſi hors du ſens

337 839 689 56 & de la foy, cõe ilz monſtrẽt, ſe retirans au dia¬

337 886 690 59 ble pere de toute mẽſonge, pour ſçauoir la veri

341 930 684 65 té. Veu q̃ Ieſus ſeul eſt verité, auquel ſeul ſe fault

335 986 689 55 retirer, et à ſa parolle pour la ſçauoir et enten

334 1031 692 57 dre, et nõ à aultre. Regarde ie te prie S. Iehã en

337 1085 688 54 ſon euãgile zo. chap. et trouueras ſi vne pate ou

336 1128 689 59 vn linceul est le ſuaire de Ieſus. Il est là ſi tresbiẽ

337 1182 688 54 peict (voyre pour vn couur echef) qui n'y fault

335 1228 692 56 rien. Mais tu diras, tãt de gens de biẽ l’ont ainſi

334 1276 692 70 creu meſme aucũs ducz de Sauoye l’onthõnoré,

225 387 115 73 Iehans.

221 764 110 62 Mare3.

219 934 113 77 Iens 1o.

949 1326 77 83 priſe
