1088 1736
367 105 694 58 telles choſes aduenir, à ceux à qui Dieu faict

377 156 677 60 grace, de vouloir eſcrire, dire, preſcher &

370 207 690 58 annõcer ce meſme que Ieſus & ſés Apoſtres,

374 257 688 50 ont dict & preſche. Nous voyons que toute la

373 305 687 54 terre eſt remplie de malediction, & lés habitans

373 352 687 52 d'icelle troublez: voyans lés grandz tumultes,

374 400 685 56 debatz, diſſentions, & diuiſiõs lés vns cõtre lés

372 448 686 58 aultres, plus grãdz q̃ iamais on ne vit ſur la ter

372 498 685 57 re: groſſes enuies, noiſes, rãcunes, malueillãces,

373 544 685 61 auarices, paillardiſes, larrecins, pilleries, effuſiõ

373 595 685 59 de ſang, meurtres, tumultes, rauiſſementz, bruſ¬

377 647 681 55 lementz, empoyſonnemẽtz, guerres, royaumes

372 693 680 54 contre royaulmes, nation contre nation. Brief,

374 741 680 55 toute abominaton regner. Le pere cõtre le filz,

373 789 682 55 & le filz contre le pere: la mere contre la fille,

372 837 683 58 & la fille contre la mere, voyre iuſques à ven¬

371 886 683 59 dre l'vn l'autre, la mere desliurer ſa propre fille

370 935 685 58 à toute meſchanceté. Tellement qu'il ny a bien

371 983 682 61 peu, au regard de tant de gentz qui ſont ſur la

367 1032 686 57 terre, qui vrayement ſçachent comment ilz doi

366 1083 684 55 buent viure, veu telles choſes eſtre aduenues, en

365 1130 684 58 tre ceulx qui ſe nõment chreſtiens. Et de cecy

363 1179 687 56 perſonne n’oſe dire mot: car l'vn veult cecy

361 1225 687 60 eſtre faict, l'autre cela: l'vn vit bien (ainſi qu’il

359 1274 686 69 dit) l'aultre mal, l'vn eſt ſage, l’autre fol, l'vn

952 1329 92 66 penſe
