1088 1736
78 123 687 63 priſe, et maintenu. Et qui plus eſt, dernierement

78 168 683 61 qu'il fut bruslé dedẽs Chabery, le diable(cõe ilz

78 217 686 66 pẽſent) parlant p la bouche d’vne preudefemme,

79 267 685 67 ſçauate (ainſi q̃ ſont accouſtumées femes de pre¬

78 316 683 64 ſtres, (cõe les demoniacles de Tornay q furẽt gue

76 362 683 68 ries ple fouet ) affermoit eſtre ainſi. Et nõ ſeule¬

76 409 683 68 mẽt celi, ains qu'elle eſtoit poſſedée de trois dia¬

80 461 685 64 bles, c'eſt aſſauoir de trois preſcheurs de l’euãgi

80 510 687 64 le, Farel, virct, & fromẽt. Leſquelles raiſõs deb

81 557 689 66 uroiẽt eſtre aſſez ſuffiſantes de croyre q̃ c’eſt le

84 607 686 67 ſuayre de leſus, q̃ le dial le eſt veritable, et à gẽs

85 659 686 64 q n’ont poit de Dieu, croyre qu’on a biẽ veſcu.

81 705 690 60 Ie te demãde miſeral le creature, y a il plus ſage

87 757 687 61 q̃ Dieu, plus veritable q̃ ſa polle? Pour quoy ne

82 802 693 61 t'arreſte tu à icelle, nõ pas à l’ẽnemy de Dieu? Si

83 850 692 65 ceux qui ſe retirẽt aux diuis ſõt pla loy cõdenez

83 900 693 62 à mort:cõbiẽ plus ſerõt ceux cy dignes de mort?

90 949 685 62 Car ſi ceux q cõtreuiẽnẽt à Moyſe, ſoubz vn ou

89 996 687 66 deux teſmoigs, meurẽt: q̃ ſera ce dés cõtẽpteurs de

88 1047 689 65 Ieſus, q eſt beaucoup plus grãd q̃ Moyſe? Singu¬

87 1095 690 60 lieremẽt de ceux q ſe diſet cõducteurs du peuple

89 1145 688 62 cõme ſont eueſques, preſtres, moynes, preſcheurs

90 1192 690 63 et aultres ſe diſas la lumiere du mõde. Leſquelz

89 1244 691 59 tant ſeulemẽt font leurs cas tour leur vẽtre ayãs

93 1287 689 75 grãdes eueſchez, grãdes prebẽdes: n’ayãs eſgard

766 358 109 44 Hiſtoire

767 391 118 40 veritable

768 425 114 49 1'2.1535.

718 1343 64 67 que
