1088 1736
328 111 693 67 que à eux meſmes: cõgnoiſſans biẽ qu’ilz ne ſont

332 163 688 62 pas aptes à telz offices: mais pour ẽtretenir leurs

330 208 684 66 chiens, cheuaulx, ribauldes & maquereaux, &

330 264 689 56 pour nourrir leur ventre, qui est leur Dieu, tien

326 309 694 61 nent et occupẽt le lieu de paſteurs, & ſi ne ſont

328 356 688 64 que loups & dißipateurs, voulans dominer ſus

331 400 686 67 le peuple, diſans: il eſt mien, c'est ma place, c'est

326 455 692 60 mõ eueſché, ma cure, ꝗ le m’oſtera? ſe retirãs au

322 502 695 63 bras ſeculier pour mieulx eſtre à leur aiſe et cõ¬

325 549 691 62 ſolatiõ corporelle: ne cõſiderãs nullemẽt l’ordon

322 602 692 61 nãce de Dieu eſtre vraye, la penſans rõpre par

321 651 692 59 puiſſances humaines, par cõmandemens & or¬

319 695 694 61 donnãces dés hõmes. Tellemẽt que ſi aucun con¬

317 742 695 66 tredict, preſche, ou eſcrit cõtre eux, il ſera iugé

319 791 691 63 ſoudainemẽt heretique, ſeducteur de peuple, in¬

315 841 697 62 uenteur de nouuelles ſectes: auxq̃lz deburoient

314 890 697 61 reſiſter par ſaine doctrine, et puißãment lés con

315 937 695 66 fondre par la parolle de Dieu, ainſi que faiſoit

313 989 695 62 le ſainct apoſtre, et non par glaiues, bãniſſemens

317 1036 691 63 dechaſſemẽs, feu, & iniures. A l'imitatiõ duquel

314 1085 692 61 apoſtre doibuẽt cheminer tous preſcheurs et mi¬

313 1135 690 59 niſtres de la parolle de Dieu, ne regardãs aultre

314 1181 690 66 choſe, ſinõ que Dieu ſoit glorifié et hõnoré par

313 1232 691 63 toute la terre, et le prochain gaigné à noſtre Sei

314 1279 688 76 gneur. Mais il fault que ludas ſoit auec Chriſt.

215 147 114 48 1.tim.3.

223 186 94 43 Tite.1.

211 415 113 45 2.Pier.2

217 444 59 44 & 5.

201 1057 98 48 Act̃.13.

899 1337 101 70 Aſnes
