1088 1736
69 132 686 65 Aſnes paſſent ſoubz la cheminée, vẽtres pareſ¬

69 183 687 65 ſeux regnẽt au peuple, affin que lés Prophetes

67 230 693 66 ſoient cõgneuz entre lés faulx apostres, verité

68 281 692 60 auec menſonge, la lumiere auec tenebres, & le

68 325 691 64 noir auec le blãc. Leſquelz ſerõt en grãd nõbre

69 375 692 70 ſi deſia ne le ſont, autãt ou plus que iamais furẽt

68 425 684 66 au tẽps de S. Paul: voyre et plus dangereux. Le¬

69 473 692 67 quel apoſtre ſe cõplainct fort de ce qu’ilz auoiẽt

69 525 690 58 ainſi ſeduict et trõpe lés Galatiẽs, leur retournãs

70 572 691 63 la circõciſion et ceremonies moſaiques ia abba¬

69 624 693 60 tues par la parolle de Dieu. Et ſi maintenant on

74 670 688 65 ſe plainct dés noſtres par toute la terre, ce n'est

73 718 688 68 pas ſans cauſe legitime: veu qu’ilz ont faict com

72 766 688 65 me gẽsdarmes couars en bataille. Car quãd il est

74 813 686 69 queſtiõ de batailler cõtre lés ẽnemis, ilz ſont bõs

73 868 688 61 à la table pour battre, mordre et frapper. Mais

63 912 698 66 de ſe trouuer aux aſſaulx, eſcarmouches & ébu

77 963 684 65 ſches dés ẽnemis de verité (ainſi que ceux q ont

76 1009 686 66 eſté dechaſſez)n'en veulẽt mordre: puis qu’il ya

77 1060 684 64 dés coups, iniures et oultrages. Ains y ſont har¬

77 1111 684 59 dis cõme limaces. Qu'ilz ne ſoiẽt bõs mercenai¬

77 1158 684 62 res et aptes pour tenir bõnes villes en garniſon,

80 1204 685 67 ſi ſont. Auec celà ſont fort, ſçauans & doctes en

78 1256 683 60 toutes manteres pour bien ſçauoir paiſtre leur

81 1301 688 73 ventre, en blaſonnãt & taxãt faulſement lés aul¬

768 431 104 59 Gala. 3.

705 1361 66 53 tres
