1088 1736
326 124 692 70 tres qui ſont dechaßez & repoulſez par force,

332 174 687 61 et lés aultres mortz à la bataille. Mais de tout ce

330 221 687 67 cy, vertueuſe dame, ne fault eſtre eſtõée ſi voyõs

328 271 689 64 telle punitiõ de Dieu eſtre venue: car ce ne ſont

330 319 684 62 que moynes cafardz qui font cés troubles, Par¬

328 368 684 67 quoy telz aſnes, loups et impudẽs libins cafardz

325 417 689 65 entre brebis, doibuẽt eſtre par tout fuis et chaſ¬

328 466 686 66 ſez cõe chimeres du troppeau: affin q̃ par faul¬

327 513 686 67 ſe doctrine et meſchãte cõuerſation ne ſeduyſent

326 562 684 68 plus le paoure peuple, qui eſt choſe fort à crain

322 611 684 67 dre et dãgereuſe, ſi Dieu par ſa grace n’y pour

323 658 683 66 uoyt, cõe il a faict. Car il a frappé aucuns de tel

319 707 686 64 Ie ſorte qu’ilz ſ'en ſont fuis, et iournellemẽt ſ'en

321 754 682 69 fuyent, ſans que ꝑſonne les chaſſe: congnoiſſans

316 805 683 65 biẽ le iugemẽt de Dieu eſtre venu ſur leur teſte.

315 852 686 66 Et principalemẽt ce paoure miſerable hõme, au¬

313 900 684 67 quel Dieu face miſericorde, qui nõ ſeulemẽt par

314 948 682 68 ſa faulſe doctrine luy a ſuffit de ſcãdalizer le pao

306 1000 692 62 ure peuple: mais cõe impudẽt, a laißé (ſi l’auſe di¬

304 1047 693 64 re) ſa propre femme de Neuchaſtel ẽceincte. Le

304 1097 691 64 quel non content de celà, eſt retourné à ſon vo¬

302 1142 690 64 miſſement: affin que le mortier dés docteurs ſor

301 1192 690 64 boniques ſente touſiours lés aulx. Ce nonobſtant

295 1241 704 68 que aucuns de ſa farine ne vaillãs guere mieulx

298 1289 689 76 que luy, cerchẽt et taſchẽt de rechef le canoniſer.

924 1355 68 72 Or
