1088 1736
59 128 694 61 Or pour cõcluſiõ, peu ſont de preſent q nere¬

58 181 693 55 gardent à eux meſmes, & nõ au peuple de Dieu,

55 228 695 57 de pourueoir aux hõmes, et nõ à l'egliſe de Ieſus:

57 278 694 57 preſque tous ſont chiens muetz, chaſcun mange

61 328 691 51 vn os. C’eſt la meilleur police du mõde, rien ne

60 374 690 58 ſe perd, tout eſt biẽ recueilly, Caphardz biẽ ve¬

57 426 692 53 nuz, et tous ceux q ſçaiuẽt bien plaire à mõſieur

59 475 693 45 et à ma dame, biẽ nourris et ẽtretenuz. Car l'vn

63 517 691 62 ſe taist, l’aultre ne dit mot, voyãtet delaiſſant foul

59 570 696 55 ler ſes freres. Certes ce que dit Eſaie le prophete

60 618 691 56 eſt aduenu. Ilz ſõt retournez en leur voye, chaſ¬

60 667 694 56 cun à ſon auarice de ſon coſté. Tellemẽt que l'vn

60 712 689 59 brigue ſon eueſché, l’aultre plaidoye ſon prioré,

61 762 691 57 l'vn ſe plaict l’aultre ſe dueilt, l'vn n'a riẽ, l’aul

60 813 691 54 tre est plein:lvn a faim, l’aultre est ſaoul l'vnne

64 862 685 54 veult rien & ce pendãt n'a faultede riẽ. Brief ce

61 911 688 52 n'est qu’auarice, ambitiõ, et cõfuſion. Certes l'vn

63 959 690 54 va et l'aultre viẽt ſans eſtre enuoye de Dieu, fai

62 1004 691 59 ſans toutes diuiſions en l’egliſe de Ieſus. Lequel

62 1053 683 60 deſtruyra & celuy qui plaiſt, & celuy qui veult

62 1104 687 57 plaire. Car õ ne peut plaire à dieu et aux hões ou

61 1151 688 53 il fault eſtre aymé de l’ũ ou hay de l’autre. Mais

63 1198 687 60 le bõ ſeruiteur plaist à ſon ſeignr, et ne ſe ſoucie

65 1248 685 58 d’aultre choſe ſinõ q̃ ſon maiſtre ſoit ſeruy et ho

64 1297 688 61 noré. Außi les vrays pasteurs et miniſtres de le¬

761 600 106 51 Ilai 56.

756 1064 110 58 Ierem.6.

701 1343 53 79 ſus
