1088 1736
339 126 688 62 ſus ſont perſecutez, bãnis et dechaſſez, pource

340 178 686 55 glz n’ont cure ne ſolicitude de plaire ſinõ à leur

334 223 691 60 Seignir et maiſtre, de le ſeruir, hõnorer et priſer.

331 276 696 55 Auquel prie n’enuoyer aultres, ſinõ ceux q ne de

333 325 693 54 mandent aultre choſe que l’hõneur & la gloyre

337 370 669 60 d'iceluy, & l’edification de tous. Ainſi ſoit il.

361 465 660 62 La fin certes eſt venue ſus mon peuple, & on

332 518 689 54 n’a pas cõgneu que i'ay donné du froment: mais

333 567 689 52 ie cõuertiray leurs feſtes en lamẽtations, et toutes

330 614 692 56 leurs chanſons en pleurs. Et lés marchãs d'icelle

327 661 695 59 ploureront et larmoyerõt ſus la grãde Babylone

374 707 596 64 diſans, malheur, malheur à icelle, elle eſt

434 759 469 57 cheute la grande Babylone, &

499 805 357 65 eſt faicte habitation des

606 857 141 64 Diables.

217 464 125 54 Amos 8.

215 583 108 66 Apoais.

212 711 116 55 Iere .51.

214 755 112 50 Ieſa .21.
