1088 1736
35 133 686 62 penſe ſçauoir, l’aultre ne ſçait rien, l'vn tient

36 184 686 59 cecy pour bõ, l'aultre cela. Brief, y ny a que

28 230 692 61 diuiſion. Et fault neceſſairemẽt, que l'vn ou l’au

24 282 684 59 tre viue mal. Car il ny a qu’vn Dieu, vne Foy,

30 332 695 58 vne Loy, et vn bapteſme. Et pourtant ma treſ¬

26 378 689 57 hõnorée Dame, vous ay bien voulu eſcrire, nõ

27 431 687 57 pas pour vous enſeigner:mais affin que puißies

27 482 685 53 prẽdre peine, enuers le Roy voſtre frere, pour

24 526 687 58 obuier à toutes ces diuiſions, qui ſont regnantes

23 573 689 60 és lieux, places, et peuples, ſur leſquelz Dieu l’a

22 627 685 56 comnis pour regir & gouuerner: et außi ſur

23 678 687 54 les voſtres, que Dieu vous a dõne, pour y pour

22 723 688 55 ueoir & donner ordre. Car ce que Dieu vous

23 770 688 57 a donne, & à nous femmes reuele, non plus que

23 818 689 54 les hõmes, le debuons cacher & fouyr dedens la

21 867 687 55 terre. Et combien que ne nous ſoit permiz de

23 914 683 59 preſcher és aſſemblées & egliſes publiques: ce

22 964 687 56 neãtmois n’eſt pas deffendu, d’eſcrire et admone

23 1013 688 52 ſter l'vne l'aultre, en toute charité. Non ſeule¬

23 1063 689 50 mẽt pour vous, ma dame, ay voulu eſcrire ceſte

23 1112 690 54 Epiſtre: mais außi pour donner courage aux

24 1160 687 53 auleres femmes detenues en captiuité: affin q̃lles

23 1206 692 57 ne craingnent point d’eſtre deſchaßées deleurs

27 1259 689 53 pays, parãs & amys, cõme moy, pour la parolle

25 1302 694 65 de Dieu. Et principallement pour lés paouures

720 274 106 78 Ephii

715 897 123 65 1. Tim.a.

386 1351 331 72 a 3 femeleues
