1088 1736
364 151 695 60 femmellettes, deſirans ſçauoir & entendre la ve¬

367 201 693 60 rite: leſquelles ne ſçauent quel chemin, quelle

372 251 686 57 voye doibuent tenir. Et affin que deſormais

370 300 677 56 ne ſoyent en elles meſmes ainſi tormentées &

373 346 682 62 affligées, ains pluſtoſt reſiouyes, conſolées, et eſ¬

371 398 688 57 meues à ſuyuir la verité, qui eſt l’Euangile de Ie

375 441 685 66 ſus Chriſt. Leq̃l iuſqs à preſent a estétant caché

377 492 681 62 qu'on n’oſoit diremot: et ſembloit q̃ les femmes

374 543 684 55 ne deuſſent riẽ lire n'entẽdre es ſainctes lettres.

381 593 679 59 Qui eſt la cauſe principale, ma Dame, que ma

373 640 687 60 eſmeu à vous eſcrire, eſperãt en Dieu, que doreſ¬

374 690 685 58 enauant lés femmes ne ſerõt plus tant meſpriſees

373 738 687 61 comme par le paſſe. Car Dieu chãge en bien de

375 787 684 56 tour en iour le cœur dés ſiens. Lequel ie prie

377 836 682 81 que'n brief ſoit ainſi par toute la terre. Amen.
