1088 1736
240 162 360 61 Defenſe pour lés femmes.

192 213 582 58 On ſeulement aucuns calumniateurs &

195 253 583 65 aduerſaires de verité nous vouldrõt exer

92 310 689 63 de trop grande audace & cemerité: mais außi

92 359 684 63 aucuns des fideles, diſans, que lés femmes ſont

92 407 685 60 trop hardies d'eſcrire lés vnes aux aultres de la

94 454 684 64 ſaicte eſcripture. Auſquelz on peut loyſiblemẽt

93 507 675 62 reſpondre, que toutes celles qui ont eſcript, &

92 554 687 63 ont eſté nõmées és eſcriptures ſainctes, ne ſont

91 600 687 67 à iuger eſtre trop temeraires: veu que pluſicurs

95 652 677 62 ſont nommées & louées es ſainctes eſcriptures,

91 702 683 59 tant par leurs bonnes meirs, geſtes, maintien,

91 748 682 61 exemples: que par leur Foy & doctrine. Cõme

92 797 683 61 Sarra et Rebecca, et principalement entre tou¬

92 844 681 63 tes lés aultres du vieil Teſtament, la mere de

93 890 681 65 Moyſe: laquelle nõobſtant l'edict du Roy, a biẽ

92 941 680 68 oſé garder ſon filz de mort, & faire qu’il fuſt

88 991 687 65 nourri à la maiſon de Pharaoh: comme ample¬

88 1039 683 64 ment eſt declairé en Exo.2. Quat à Delbora,

88 1089 684 67 qui iugeoit le peuple d’iſrẽal au tẽps des luges,

86 1136 689 64 n'eſt à meſpriſer. Iug. 4. Ie demande, fauldroit

87 1187 689 62 il condamnner Ruth, pourtant qu’elle eſt du ſexe

88 1235 686 65 feminin, à cauſe q̃ l’hyſtoire d'icelle eſt eſcripte

89 1280 680 68 en ſon liure? le ne le pẽſe pas, veu qu'elle eſt bie

88 1333 686 70 nombrée à la genealogie de leſus Chriſt. Mais

94 192 89 129 N

577 1393 212 66 A qu'elle

788 1294 103 74 Martar
