1088 1736
318 133 681 82 quelle ſageſſe auoit la Royne de Sabba, laquelle

312 199 687 61 n'eſt pas ſeulement nõmée au vieil teſtament,

310 249 692 55 mais Ieſus l’a bien oſé nommer entre lés aultres

309 296 693 68 ſages. S’il eſt queſtion de parler dés graces qui

306 346 697 65 ont eſté faictes aux femmes: quelle plus grande a

309 397 692 64 eſté faicte à creature ſus la terre que à la vierge

321 444 681 68 Marie mere de Ieſus, d’auoir porté le filz de

304 492 699 64 Dieu? Elle n’a pas eſté petite à Elizabet mere

306 540 699 69 de Iehan baptiſte, d’auoir faict vn filz ſi miracu

310 586 695 70 leuſement eſtant ſterile. Quelle preſchereße

318 638 688 67 a eſté faicte plus grande que la Samaritaine: la¬

313 686 692 67 quelle n’a point eu d’honte de preſcher Ieſus et

317 733 688 68 ſa parolle, le confeſſant ouuertemẽt deuant tout

313 783 693 62 le monde, incontinent qu'elle a entendu de Ieſus

317 835 687 62 qu’il fault adorer Dieu en eſperit & veri¬

317 882 686 63 té? Ou eſt celuy qui ſe peut vanter d’auoir

316 927 688 68 eu la premiere manifeſtation de ce grãd myſtere

316 978 689 65 de la reſurrection de Ieſus, ſinon Marie Mag¬

316 1025 684 63 daleine, de laquelle il auoit iecté ſept diables? &

316 1072 692 71 lés aultres femmes auxq̃lles pluſtoſt ſ'eſt declairé

319 1125 687 66 par ſon Ange, que non pas aux hõmes, et cõmã

315 1174 679 62 dé le, dire, preſcher, & declairer aux aultres?

315 1223 691 62 Et combien que en toutes femmes y ayt eu d’im¬

317 1272 689 64 perfection, ce nonobſtant lés hommes n’en ont

320 1319 685 81 pas eſté exẽptz. Parquoy, que fault il tant iaſer

188 141 118 60 Mat.12.

194 189 109 47 1.Ro.10.

196 448 113 67 Matt.1.

197 588 97 48 Luc.1.

205 667 104 49 Iehã.4.

946 1370 60 54 dés
