936 1544
749 39 59 60 97

70 261 54 110 P

47 79 743 67 Mais du Seigneur la volonté ſoit faicte.

84 166 769 90 Sur le chant. Pour un plaiſir qui ſi peu dure, &c.

140 264 651 70 Our vn plaiſir qui touſiours dure,

130 312 578 64 Ie veux aymer parfaictement:

45 358 557 66 Le Seigneur & ſon eſcriture,

48 411 695 61 Ou tout bien prend ſon fondement:

46 455 605 63 Car ſi ie l'ayme fermement,

46 509 593 57 Mon eſperance eſt toute ſeure,

48 554 611 55 D'auoir entier contentement.

80 604 561 56 De mon peché la forfaicture,

45 653 631 58 Me veut conduire à damnement.

45 702 610 59 Mais mon Dieu de bonne nature,

45 752 510 52 Me gardera de ce torment:

46 793 540 57 Les ſiens ne laiſſe nullement:

43 842 492 59 Ie ſuis ſa poure creature.

43 892 588 55 I'eſpere en luy tant ſeulement.

68 940 602 57 Le Seigneur qui eſt ſans meſure,

41 986 611 56 Sans fin & ſans commancement,

42 1031 631 60 Par ſa croix digne tant m'aſſeure,

46 1080 649 62 Que plus ne crains mon paſſement.

42 1129 438 60 Il a porté patiemment,

39 1176 557 61 De mes pechez la peine dure,

39 1222 537 56 Pour me tirer à ſauuement.

65 1272 505 89 Pere, ie ſuis ta nourriture,

632 1323 77 56 G
