955 1547
157 42 66 58 98

108 74 471 72 Tenue à toy totalement.

106 121 617 66 Fais moy la grace & l'aduenture,

111 173 452 62 De te ſeruir fidelement.

113 218 555 63 Ie te ſupply treſhumblement,

119 263 610 73 Que ma Foy ſoit entiere & pure,

117 311 623 68 Selon ton ſainct commandement.

142 356 646 76 O mon Seigneur fais que i'endure,

120 411 555 65 Le mal de la mort fortement.

121 456 553 69 Et que nulle faulſe ouuerture,

128 502 608 70 Trouble lors mon entendement.

125 550 627 71 Du corps ne me chaut autrement.

125 599 549 62 Soit ou voudra ma ſepulture:

126 648 560 71 Et tienne ſoit mon ame, amen.

170 747 697 109 Exhortation aux Princes à paix, Sur le chant,

249 831 587 80 Ne ſuis-ie pas bien mal-heureux. &c.

194 907 570 91 L eſt temps princes Chreſtiens

189 979 525 63 De faire la paix entre vous,

146 1029 629 65 Ou pires que Turcz ie vous tiens.

145 1073 649 67 Vous voyez qui nous deffont tous.

148 1115 667 85 N'ont les Turcz ia gaigné ſur nous

147 1182 283 58 De pays tant?

145 1218 635 66 Et nous nous tuons comme loups,

147 1262 653 89 Dont Dieu en eſt fort mal content.

157 934 34 107 I

838 1308 93 59 Pour
