932 1546
725 48 56 46 99

74 73 533 54 Pour l'vn & l'autre dominer

33 121 537 55 Doit-on faire tant de debas?

32 171 497 51 On voit villes exterminer

30 221 581 51 Et maintes citez mettre au bas.

41 266 659 56 Voz genſdarmes font mains ſabbas

35 314 362 54 Deſſus les champs.

35 363 662 56 Et puis quand ce vient aux combas,

35 412 709 52 Sont hardiz comme chiens couchans.

73 459 659 55 Les Princes deuroyent bien penſer

40 508 647 54 Auant que guerre mettre en train,

40 553 586 54 Comment elle leur peut braſſer

40 602 586 57 Plus de dommage que de gain.

42 651 600 55 Ilz font reſpandre ſang humain

50 696 333 58 Qui à Dieu crira,

44 744 579 58 Deteſtant ce prince inhumain,

50 792 553 59 Qui pour gloire guerroyera.

82 843 598 56 Quel exemple on cy les payens

44 888 546 55 Pour les tirer à noſtre Loy?

47 932 639 60 Doyuent ilz priſer les Chreſtiens

47 980 602 62 Ayant entre eux vn tel deſroy?

48 1032 589 57 Cauſe ont de dire, eſt-ce la Foy

48 1075 356 58 De Ieſus Chriſt?

48 1122 574 58 Tout leur cas eſt en deſarroy

48 1175 595 53 Leur Dieu autrement l'a eſcrit.

91 1224 578 55 N'y a il nulz bons enſeigneurs,

50 1267 591 96 Qui ſans crainte, ne ſans flatter,

529 1325 98 50 G 2
