942 1538
773 4 54 47 103

42 42 630 58 Mais pour augmenter l'honneur,

43 88 543 57 De voſtre bonté ſi grande,

49 137 569 58 Qui payant peine & amende,

46 184 498 51 M'a de tout mal deſtaché.

172 233 331 54 Grace, Grace, &c.

45 279 573 55 De cueur, de bouche & eſprit,

47 326 671 61 Vous en rendrons touſiours gloire,

47 375 547 59 Et au Seigneur Ieſus Chriſt,

56 422 544 61 Qui du maling eut victoire:

52 475 483 54 Et qui a, ie le veux croire,

62 519 470 60 Tout fidele en luy caché.

204 569 331 58 Grace, Grace, &c.

221 657 479 67 Sur le chant. Tant que uiuray.

178 730 685 87 On Dien mõ roy, mõ pere tout puiſſãt

180 794 682 72 Dieu eternel dont tout biẽ eſt yſſant,

66 847 649 63 Seant là haut deſſus les Cherubins,

68 891 724 67 Par le tien Chriſt Satan eſt impuiſſant,

70 942 706 67 Peché prend fin au poure languiſſant,

71 990 711 72 Morte eſt la Loy par tes effectz diuins:

76 1048 258 55 Ton alliance,

75 1097 360 54 C'eſt ma plaiſance,

77 1144 253 55 Tu es à moy,

78 1191 251 57 Ie ſuis à toy.

77 1230 358 92 Fy du faux monde,

75 749 98 110 M

530 1250 112 114 G 4
