963 1556
122 20 55 42 105

81 335 60 103 E

63 54 334 56 Ne nous admeine

67 101 640 64 Que troublement en noſtre eſprit.

69 188 701 70 Autre chanſon, prinſe ſur l'Eccleſiaſte. cha.12.

96 242 446 61 ſur le chant, Au bois de deuil

141 336 610 62 Siouys toy, eſiouys ieune enfant,

142 382 682 64 Et prens plaiſir en ta ieuneſſe tendre.

81 431 780 60 Ton cueur ſoit veu gaillard & triomphãt:

75 479 774 63 C'eſt tout chagrin à la vieilleſſe entendre,

70 529 758 60 Enſuis ton cueur, tu ne peux faire mieux:

70 580 644 60 Va-ten ſelon le regard de tes yeux,

68 626 327 58 Mais apres penſe

66 675 336 54 Pour recompenſe

69 724 303 47 De ton offence,

70 771 639 60 Que Dieu t'admeine en iugement,

72 819 434 56 Ton cueur ſoit monde,

69 865 310 53 Laiſſe le monde,

70 913 299 54 Ou tu te fonde,

69 959 488 59 Lors tu auras allegement.

107 1007 753 57 Souuienne toy pour ton ayde & recours

66 1052 596 57 De l'Eternel, en ta folle ieuneſſe,

67 1099 788 65 N'attẽds les iours mauuais en leur diſcours,

64 1148 678 59 Ny les années de douleur & triſteſſe,

63 1192 633 69 Car l'homme va ſoubz la diuinité

58 1244 543 73 En la maiſon de ſon eternité,

524 1295 110 62 G 5
