950 1545
737 27 58 45 197

42 54 608 60 Mais tu congnois aſſez combien

44 105 624 60 Ie ſuis mauuais des nia naiſſance,

49 154 518 53 OEternel par tà clemence

49 201 471 56 Pardonne mon iniquité,

51 249 581 54 Me donnant en viue eſperance

48 298 549 53 La Foy ouurant par charité.

92 346 540 58 La Foy ouurant par charité.

59 391 490 58 Entierement nous iuſtifie

62 437 522 58 Le ſang de Chriſt en verité

65 485 591 63 De tous pechez nous mondifie.

67 533 443 59 OEternel, ie te ſupplie

67 560 648 82 De nous donner ton ſainct Eſprit.

69 630 555 58 Pour affin qu’en nounelle vie

74 678 565 70 Vinons auecques Ieſus Chriſt.

190 769 444 58 Sur le chant. Ie ne puis, &c.

201 818 435 66 Ie ne puis dormir du talon.

130 912 418 65 Ene fay, ie ne fay rien,

126 956 515 64 Ie ne fay ſans charité bien.

85 1012 562 59 Si de langues parloye autant:

87 1059 651 67 Qu’hommes & anges tout contant

225 1110 255 55 Ie ne fay, &c.

85 1148 584 68 Ie ſuis comme clairon ſonnant,

85 1201 545 70 Ou comme cymbale tinnant.

222 1254 259 68 Ie ne fay, &e.

91 910 36 108 I
