976 1555
138 41 47 37 108

99 68 530 64 Si de prophetie ſauoye tant,

104 119 559 60 Que de rien ne fuſſe doubtant.

213 168 252 59 Ie ne fay, &c.

96 213 527 59 Si ſecretz reueloye ſouuent.

95 262 498 58 Et que tout ie fuſſe ſauant.

218 312 263 57 Ie ne fay, &c.

99 355 579 61 Si en Foy i'eſtoye tant feruent,

100 406 627 57 Que montz i'allaſſe tranſmouant.

204 454 260 56 Ie ne fay, &c.

89 498 580 64 Si mes biens i'alloye departant

96 552 552 53 Aux poures, les reconfortant.

210 596 256 57 Ie ne fay, &c.

95 641 683 63 Si mon corps liuroye promptement,

92 692 539 55 Pour eſtre bruſlé preſtement.

216 742 254 57 Ie ne fay, &c.

129 829 640 67 Sur, L'amour de moy amy ſouffrez, &c.

178 925 556 65 E ceſte abiſme tant profonde,

190 977 516 55 A toy ie crie mon Seigneur:

92 1026 571 56 Afin que mon humble clameur

95 1072 590 58 Iuſques là ſus vers toy redonde

100 1123 550 55 Ton aureille ſoit entendante,

92 1170 554 56 Pour exaucer ma poure voix:

104 1218 538 57 Tu la congnois, & ſi la vois:

97 1270 600 72 Mon ame eſt ta grace attendant,

99 992 79 34 D

854 1320 49 69 Si
