951 1549
770 48 56 46 109

101 71 604 61 Si aux pechez tu prenois garde,

52 120 571 58 Las qui les pourroit ſouſtenir?

53 170 548 52 Ne me vueille rigueur tenir.

51 214 621 62 Mais par pitie, par Foy regarde.

90 268 567 54 Car enuers toy y a clemence:

49 311 648 60 I’en ſuis tresbien certain par Foy:

49 360 617 57 Puis que ne peux garder ta Loy,

50 408 707 59 Prens ton cher filz pour recompenſe,

79 452 667 63 A ton ſainct dict ſ’attend mon ame,

49 501 561 59 Pourtant ie n’en ſeray deceu,

45 549 590 59 Par ton Eſprit ie l’ay congneu,

50 595 567 60 Qui ſiy fie n’aura nulſblaſme.

85 647 470 56 Des la veille matutinale

43 690 552 63 I’eſpere au bon Dieu d’Iſrael

43 742 433 56 Par vn deſir continuel

43 787 477 60 Iuſques à la veſpertinale.

98 836 577 62 Qu'Iſrael donc bien ſe recorde,

43 881 476 57 Et ſ'attende toute ſaiſon,

45 930 535 61 Car il depart à grand foyſon

42 980 519 57 Bonté, ſecours, miſericorde.

86 1028 500 60 Et iceluy par ſa puiſſance,

49 1074 430 58 Tout Iſrael rachetera.

42 1123 559 59 Et de tous ſes maux abſoudra,

37 1168 516 67 Satiffaiſant de ſon offence.
