<?xml version="1.0" encoding="UTF-8"?>
<alto xmlns:xsi="http://www.w3.org/2001/XMLSchema-instance"
      xmlns="http://www.loc.gov/standards/alto/ns-v4#"
      xsi:schemaLocation="http://www.loc.gov/standards/alto/ns-v4# http://www.loc.gov/standards/alto/v4/alto-4-2.xsd">
  <Description>
    <MeasurementUnit>pixel</MeasurementUnit>
    <sourceImageInformation>
      <fileName>114_b4c7f_default.jpg</fileName>
      <fileIdentifier>https://iiif.onb.ac.at/images/ABO/Z182216708/00000115/full/full/0/default.jpg</fileIdentifier>
    </sourceImageInformation>
  </Description>
  <Tags>
    <OtherTag ID="BT7" LABEL="CustomZone" DESCRIPTION="block type CustomZone"/><OtherTag ID="BT8" LABEL="DamageZone" DESCRIPTION="block type DamageZone"/><OtherTag ID="BT9" LABEL="DigitizationArtefactZone" DESCRIPTION="block type DigitizationArtefactZone"/><OtherTag ID="BT10" LABEL="DropCapitalZone" DESCRIPTION="block type DropCapitalZone"/><OtherTag ID="BT11" LABEL="GraphicZone" DESCRIPTION="block type GraphicZone"/><OtherTag ID="BT12" LABEL="MainZone" DESCRIPTION="block type MainZone"/><OtherTag ID="BT13" LABEL="MarginTextZone" DESCRIPTION="block type MarginTextZone"/><OtherTag ID="BT14" LABEL="MusicZone" DESCRIPTION="block type MusicZone"/><OtherTag ID="BT15" LABEL="NumberingZone" DESCRIPTION="block type NumberingZone"/><OtherTag ID="BT17" LABEL="QuireMarksZone" DESCRIPTION="block type QuireMarksZone"/><OtherTag ID="BT18" LABEL="RunningTitleZone" DESCRIPTION="block type RunningTitleZone"/><OtherTag ID="BT19" LABEL="SealZone" DESCRIPTION="block type SealZone"/><OtherTag ID="BT20" LABEL="StampZone" DESCRIPTION="block type StampZone"/><OtherTag ID="BT21" LABEL="TableZone" DESCRIPTION="block type TableZone"/><OtherTag ID="BT22" LABEL="TitlePageZone" DESCRIPTION="block type TitlePageZone"/>
    <OtherTag ID="LT7" LABEL="CustomLine" DESCRIPTION="line type CustomLine"/><OtherTag ID="LT8" LABEL="DefaultLine" DESCRIPTION="line type DefaultLine"/><OtherTag ID="LT9" LABEL="DropCapitalLine" DESCRIPTION="line type DropCapitalLine"/><OtherTag ID="LT10" LABEL="HeadingLine" DESCRIPTION="line type HeadingLine"/><OtherTag ID="LT11" LABEL="InterlinearLine" DESCRIPTION="line type InterlinearLine"/><OtherTag ID="LT12" LABEL="MusicLine" DESCRIPTION="line type MusicLine"/><OtherTag ID="LT1074" LABEL="default" DESCRIPTION="line type default"/>
  </Tags>
  <Layout>
    <Page WIDTH="963"
          HEIGHT="1556"
          PHYSICAL_IMG_NR="114"
          ID="eSc_dummypage_">
      <PrintSpace HPOS="0"
                  VPOS="0"
                  WIDTH="963"
                  HEIGHT="1556">
        <TextBlock HPOS="749"
                   VPOS="36"
                   WIDTH="84"
                   HEIGHT="72"
                   ID="eSc_textblock_41fc7ebe"
                   TAGREFS="BT15">
          <Shape><Polygon POINTS="749 36 749 108 833 108 833 36"/></Shape>
          <TextLine ID="eSc_line_e340a319"
                    TAGREFS="LT8"
                    BASELINE="766 77 809 77" 
                    HPOS="766"
                    VPOS="51"
                    WIDTH="43"
                    HEIGHT="42">
            <Shape><Polygon POINTS="801 53 774 51 766 53 766 77 766 88 778 93 779 93 780 93 809 88 809 77 806 62 801 53"/></Shape>
            <String CONTENT="Iu1"
                    HPOS="766"
                    VPOS="51"
                    WIDTH="43"
                    HEIGHT="42"
                    WC="0.9999531110127767"></String>
          </TextLine>
        </TextBlock>
        <TextBlock HPOS="37"
                   VPOS="66"
                   WIDTH="858"
                   HEIGHT="1307"
                   ID="eSc_textblock_ba6a3221"
                   TAGREFS="BT12">
          <Shape><Polygon POINTS="37 66 37 1373 895 1373 880 138 736 78"/></Shape>
          <TextLine ID="eSc_line_98caf6f5"
                    TAGREFS="LT8"
                    BASELINE="51 114 750 118" 
                    HPOS="51"
                    VPOS="76"
                    WIDTH="699"
                    HEIGHT="60">
            <Shape><Polygon POINTS="638 78 631 78 611 89 579 89 565 81 564 81 563 81 562 81 525 89 409 89 376 88 354 76 353 76 344 76 336 76 327 76 318 76 310 76 301 76 293 76 284 76 275 76 267 76 258 76 249 76 241 76 232 76 223 76 215 76 212 76 196 87 105 87 91 76 85 76 76 76 75 76 57 76 51 82 51 114 51 126 76 130 77 130 146 126 154 132 155 132 156 132 191 133 191 133 192 133 193 133 204 126 222 126 232 134 233 134 234 134 235 135 276 135 276 134 277 134 296 128 344 134 344 134 345 134 360 127 395 133 395 133 421 127 437 135 438 135 439 135 481 130 514 135 515 135 548 127 576 127 586 135 586 135 587 135 588 135 589 135 604 128 662 135 663 135 663 135 679 128 707 128 748 136 750 118 749 83 707 82 707 82 706 82 691 88 639 78 638 78"/></Shape>
            <String CONTENT="En toy ſeul eſt, non en aucun viuant,"
                    HPOS="51"
                    VPOS="76"
                    WIDTH="699"
                    HEIGHT="60"
                    WC="0.9870380388723837"></String>
          </TextLine>
          <TextLine ID="eSc_line_3df40d68"
                    TAGREFS="LT8"
                    BASELINE="55 161 576 163 862 169" 
                    HPOS="54"
                    VPOS="127"
                    WIDTH="808"
                    HEIGHT="62">
            <Shape><Polygon POINTS="55 161 54 172 82 174 96 183 97 183 98 183 165 184 320 184 321 184 322 184 369 172 401 183 401 183 402 183 403 183 439 173 464 173 487 185 488 185 515 186 516 186 516 186 545 174 576 174 588 182 589 182 590 182 591 182 592 182 612 174 741 175 768 188 769 188 770 189 790 189 790 188 791 188 820 178 860 179 862 169 862 140 835 132 835 132 834 132 754 140 605 134 605 134 522 138 510 130 510 130 509 130 508 130 479 136 437 129 436 129 351 136 331 136 319 128 318 128 318 128 317 128 212 135 198 128 197 128 197 128 196 128 178 135 162 129 161 129 160 129 125 133 104 127 103 127 55 127 55 161"/></Shape>
            <String CONTENT="Tout mon eſpoir, &amp; ce que mon cueur pẽſe,"
                    HPOS="54"
                    VPOS="127"
                    WIDTH="808"
                    HEIGHT="62"
                    WC="0.9930201839833033"></String>
          </TextLine>
          <TextLine ID="eSc_line_7e4d9a0b"
                    TAGREFS="LT8"
                    BASELINE="53 210 750 212" 
                    HPOS="52"
                    VPOS="177"
                    WIDTH="698"
                    HEIGHT="57">
            <Shape><Polygon POINTS="53 210 52 221 68 227 69 227 70 227 70 227 71 227 80 222 95 229 95 229 96 229 97 229 98 229 107 223 131 222 154 231 155 231 156 231 157 231 200 220 223 231 223 231 350 232 351 232 352 232 353 232 363 224 386 228 387 228 388 228 401 221 427 226 427 226 428 226 440 223 447 228 448 228 449 228 450 228 500 221 523 223 535 233 535 233 536 233 537 234 575 234 575 233 576 233 591 225 637 222 716 222 732 233 733 233 733 233 734 233 735 233 749 227 750 212 749 187 657 187 646 178 645 178 644 178 644 178 596 186 583 179 582 179 581 179 580 179 562 186 529 178 528 178 527 178 503 185 450 181 449 181 418 185 390 178 389 178 359 178 358 178 357 178 335 185 237 178 236 178 235 178 225 183 218 177 217 177 216 177 216 177 155 185 119 185 94 177 93 177 92 177 53 178 53 210"/></Shape>
            <String CONTENT="Mes piteux cris de ton ouye eſcoute,"
                    HPOS="52"
                    VPOS="177"
                    WIDTH="698"
                    HEIGHT="57"
                    WC="0.9964994771613015"></String>
          </TextLine>
          <TextLine ID="eSc_line_59fc1648"
                    TAGREFS="LT8"
                    BASELINE="54 258 861 261" 
                    HPOS="53"
                    VPOS="223"
                    WIDTH="808"
                    HEIGHT="58">
            <Shape><Polygon POINTS="54 258 53 271 139 267 153 267 172 280 173 280 174 280 325 280 326 280 327 280 342 274 357 280 357 280 460 281 461 281 462 281 463 281 475 273 506 268 617 269 635 280 636 280 637 280 637 280 638 280 664 269 686 274 687 274 688 274 688 274 702 269 787 269 860 277 861 261 860 235 781 235 739 226 738 226 737 226 714 235 697 226 696 226 695 226 664 232 654 225 653 225 652 225 651 225 599 234 468 234 440 224 440 224 418 224 417 224 416 224 415 224 401 233 376 228 376 228 349 233 198 229 197 229 197 229 190 232 163 232 146 223 145 223 54 223 54 258"/></Shape>
            <String CONTENT="Et à mes maux quelque terme &amp; fin boute."
                    HPOS="53"
                    VPOS="223"
                    WIDTH="808"
                    HEIGHT="58"
                    WC="0.988401488560002"></String>
          </TextLine>
          <TextLine ID="eSc_line_25a7b9a9"
                    TAGREFS="LT8"
                    BASELINE="55 307 545 306 859 312" 
                    HPOS="54"
                    VPOS="270"
                    WIDTH="805"
                    HEIGHT="57">
            <Shape><Polygon POINTS="55 307 54 313 63 318 64 318 65 318 185 317 199 325 200 325 201 325 202 326 255 326 255 325 255 325 256 325 263 320 273 325 274 325 274 326 318 326 318 325 318 325 356 315 369 319 369 319 370 319 446 316 470 326 471 326 471 327 501 327 501 326 502 326 503 326 519 316 542 316 561 325 562 325 563 325 564 325 585 318 615 327 616 327 617 327 679 317 721 317 740 327 741 327 742 327 743 327 780 317 820 327 821 327 822 327 858 324 859 312 857 282 792 282 758 272 758 272 719 272 718 272 717 272 698 281 681 275 680 275 679 275 678 275 657 283 617 283 554 278 553 278 449 281 440 276 440 276 439 276 438 276 374 281 343 270 342 270 341 270 340 270 310 279 229 280 184 280 171 270 170 270 169 270 168 270 55 271 55 307"/></Shape>
            <String CONTENT="Deliure moy de ceux qui me pourſuyuent,"
                    HPOS="54"
                    VPOS="270"
                    WIDTH="805"
                    HEIGHT="57"
                    WC="0.9767040824278806"></String>
          </TextLine>
          <TextLine ID="eSc_line_34d39c07"
                    TAGREFS="LT8"
                    BASELINE="56 355 801 355" 
                    HPOS="56"
                    VPOS="319"
                    WIDTH="745"
                    HEIGHT="57">
            <Shape><Polygon POINTS="56 355 57 374 96 363 118 369 119 369 120 369 121 369 121 369 129 363 189 363 211 376 212 376 213 376 241 376 241 376 242 376 269 363 291 373 292 373 293 373 293 373 321 366 342 371 343 371 344 371 344 371 366 363 390 376 391 376 392 376 500 376 500 376 501 376 540 363 634 363 660 376 661 376 662 376 707 376 707 376 708 376 730 365 761 369 762 369 763 369 784 363 799 365 801 355 800 331 678 331 659 319 658 319 657 319 656 319 656 319 614 331 590 324 589 324 588 324 587 324 586 324 578 330 450 326 449 326 417 331 411 326 410 326 409 326 358 326 349 319 348 319 347 319 318 319 318 319 317 319 293 329 274 319 273 319 272 319 235 328 215 321 214 321 213 321 165 329 142 319 141 319 69 319 68 319 67 319 56 324 56 355"/></Shape>
            <String CONTENT="Afin que plus à me greuer n’enſuyuent:"
                    HPOS="56"
                    VPOS="319"
                    WIDTH="745"
                    HEIGHT="57"
                    WC="0.9737765391667684"></String>
          </TextLine>
          <TextLine ID="eSc_line_2cb7ced9"
                    TAGREFS="LT8"
                    BASELINE="59 401 410 401 858 406" 
                    HPOS="58"
                    VPOS="365"
                    WIDTH="800"
                    HEIGHT="55">
            <Shape><Polygon POINTS="59 401 58 408 82 415 82 415 83 415 124 410 165 417 165 417 243 411 289 416 290 416 291 416 313 411 381 415 382 415 410 411 420 418 421 418 422 418 442 419 443 419 512 415 622 420 623 420 655 413 752 417 752 417 819 414 856 419 858 406 857 380 786 380 774 374 773 374 772 374 771 374 771 374 762 379 702 375 701 375 685 378 662 369 661 369 611 369 610 369 609 369 588 377 547 369 546 369 545 369 527 377 429 377 418 371 417 371 416 371 415 371 403 376 371 367 370 367 338 367 337 367 336 367 335 367 322 376 289 369 288 369 272 372 263 366 262 366 261 366 261 366 201 376 131 368 130 368 111 371 100 365 99 365 98 365 59 370 59 401"/></Shape>
            <String CONTENT="Car plus fortz ſont que ma puiſſance toute."
                    HPOS="58"
                    VPOS="365"
                    WIDTH="800"
                    HEIGHT="55"
                    WC="0.9793933962666711"></String>
          </TextLine>
          <TextLine ID="eSc_line_32409566"
                    TAGREFS="LT8"
                    BASELINE="56 452 747 449" 
                    HPOS="55"
                    VPOS="412"
                    WIDTH="692"
                    HEIGHT="58">
            <Shape><Polygon POINTS="56 452 56 461 127 461 148 466 149 466 150 466 151 466 163 463 173 470 174 470 175 470 176 470 305 469 306 469 306 469 319 460 356 460 385 469 386 469 387 470 502 470 502 469 503 469 520 463 553 468 554 468 554 468 555 468 571 459 746 464 747 449 746 423 693 423 682 414 681 414 680 414 679 414 665 417 657 412 656 412 656 412 637 412 637 412 636 412 635 412 619 423 544 423 517 412 516 412 516 412 445 423 424 413 423 413 378 413 377 413 376 413 376 413 366 420 348 417 347 417 346 417 345 417 338 424 328 424 314 413 313 413 312 413 312 413 267 416 266 416 265 416 254 423 215 418 214 418 213 418 197 423 160 418 159 418 159 418 140 422 131 414 130 414 129 414 128 414 127 414 102 424 85 414 84 414 83 414 82 414 55 414 56 452"/></Shape>
            <String CONTENT="Retire moy hors de prifon treſdure:"
                    HPOS="55"
                    VPOS="412"
                    WIDTH="692"
                    HEIGHT="58"
                    WC="0.9774273003850664"></String>
          </TextLine>
          <TextLine ID="eSc_line_d6512a2f"
                    TAGREFS="LT8"
                    BASELINE="59 498 532 497 812 500" 
                    HPOS="58"
                    VPOS="462"
                    WIDTH="754"
                    HEIGHT="54">
            <Shape><Polygon POINTS="59 498 58 508 71 515 72 515 73 515 106 509 121 516 121 516 122 516 184 516 184 516 184 516 185 516 192 510 216 516 216 516 217 516 218 516 233 506 271 516 272 516 273 516 373 506 454 506 527 516 528 516 529 516 558 506 580 506 604 516 605 516 605 516 606 516 617 511 663 516 663 516 664 516 665 516 678 506 701 506 760 510 761 510 762 510 776 507 798 516 799 516 800 516 801 516 811 510 812 500 811 472 779 472 750 464 749 464 748 464 747 464 723 471 692 462 691 462 690 462 663 463 662 463 661 463 645 472 603 472 588 462 587 462 586 462 586 462 526 472 501 472 484 462 484 462 483 462 482 462 481 462 447 471 416 465 415 465 377 471 354 462 353 462 352 462 351 462 324 472 242 472 219 463 218 463 217 463 162 471 138 462 137 462 79 462 78 462 77 462 59 469 59 498"/></Shape>
            <String CONTENT="Afin que iaye de ton Nom ſoing &amp; cure,"
                    HPOS="58"
                    VPOS="462"
                    WIDTH="754"
                    HEIGHT="54"
                    WC="0.9856800797738527"></String>
          </TextLine>
          <TextLine ID="eSc_line_78c1d1be"
                    TAGREFS="LT8"
                    BASELINE="59 545 790 548" 
                    HPOS="58"
                    VPOS="507"
                    WIDTH="732"
                    HEIGHT="56">
            <Shape><Polygon POINTS="59 545 58 553 75 559 76 559 76 559 124 553 172 558 173 558 200 553 252 561 253 561 310 557 327 562 328 562 329 563 353 563 353 562 354 562 355 562 365 554 416 562 417 562 418 562 438 554 451 562 452 562 452 562 453 563 541 563 541 562 542 562 553 558 561 563 562 563 563 563 564 563 565 563 566 563 576 555 585 561 586 561 586 561 587 561 588 561 589 561 599 554 644 560 644 560 645 560 656 554 757 554 787 563 790 548 789 520 746 520 729 509 728 509 727 509 727 509 689 515 675 512 674 512 673 512 672 512 661 520 637 520 622 509 621 509 620 509 619 509 618 509 579 519 538 519 522 508 521 508 520 508 385 508 384 508 383 508 382 508 365 518 275 514 274 514 274 514 262 517 236 508 235 508 235 508 234 508 218 516 198 507 197 507 197 507 126 518 108 518 95 508 94 508 93 508 92 508 59 511 59 545"/></Shape>
            <String CONTENT="Pour le louer, enſemble tous les Iuſtes,"
                    HPOS="58"
                    VPOS="507"
                    WIDTH="732"
                    HEIGHT="56"
                    WC="0.9826791390776635"></String>
          </TextLine>
          <TextLine ID="eSc_line_fdd0df26"
                    TAGREFS="LT8"
                    BASELINE="60 593 626 593 859 599" 
                    HPOS="59"
                    VPOS="557"
                    WIDTH="800"
                    HEIGHT="57">
            <Shape><Polygon POINTS="855 568 850 562 840 559 839 559 792 559 791 559 790 559 771 569 683 569 667 564 666 564 665 564 607 568 592 558 591 558 590 558 558 558 557 558 556 558 532 567 423 567 415 562 414 562 414 562 413 562 412 562 411 562 402 568 341 568 265 563 256 557 255 557 255 557 254 557 183 566 151 559 150 559 101 564 82 557 81 557 80 557 79 557 60 562 60 593 59 604 129 609 130 609 166 603 182 612 183 612 184 612 184 613 293 613 293 612 328 605 346 613 347 613 348 613 380 609 414 613 415 613 416 613 432 605 472 613 473 613 505 607 546 612 547 612 589 604 604 611 605 611 605 611 606 611 624 605 669 605 678 610 679 610 680 610 681 611 681 610 682 610 682 610 691 605 742 605 777 613 778 613 778 613 779 613 798 605 857 614 859 599 857 570 855 568"/></Shape>
            <String CONTENT="Lors qu’ilz verront tes iuſtices tant iuſtes,"
                    HPOS="59"
                    VPOS="557"
                    WIDTH="800"
                    HEIGHT="57"
                    WC="0.9780860635969374"></String>
          </TextLine>
          <TextLine ID="eSc_line_2b9cfda0"
                    TAGREFS="LT8"
                    BASELINE="62 641 741 644" 
                    HPOS="61"
                    VPOS="605"
                    WIDTH="680"
                    HEIGHT="77">
            <Shape><Polygon POINTS="62 641 61 661 66 665 67 665 68 665 69 665 70 665 70 665 77 660 213 660 232 661 243 669 244 669 245 669 246 669 280 665 289 673 290 673 291 673 292 673 293 673 313 665 338 665 380 682 381 682 382 682 429 682 429 682 430 682 449 673 466 682 467 682 468 682 514 682 514 682 515 682 528 675 541 682 542 682 542 682 631 675 739 682 741 644 740 617 719 617 709 610 708 610 707 610 707 610 706 610 694 617 648 617 637 608 637 608 636 608 590 607 589 607 588 607 587 607 583 612 578 607 577 607 576 607 575 607 574 607 557 617 522 617 509 610 508 610 507 610 506 610 490 614 472 606 471 606 447 606 446 606 446 606 421 615 375 609 374 609 373 609 372 609 363 615 349 606 348 606 347 606 299 606 299 606 298 606 278 615 232 615 215 607 214 607 213 607 154 614 82 605 81 605 80 605 62 613 62 641"/></Shape>
            <String CONTENT="Auoir vengé de ton ſeruant l’iniure."
                    HPOS="61"
                    VPOS="605"
                    WIDTH="680"
                    HEIGHT="77"
                    WC="0.957418325785044"></String>
          </TextLine>
          <TextLine ID="eSc_line_350e6431"
                    TAGREFS="LT10"
                    BASELINE="191 755 716 758" 
                    HPOS="190"
                    VPOS="716"
                    WIDTH="526"
                    HEIGHT="63">
            <Shape><Polygon POINTS="683 724 675 724 666 723 657 723 649 723 640 722 633 722 628 723 551 720 550 720 549 720 537 726 520 719 519 719 518 719 517 719 502 726 471 726 455 718 454 718 453 718 452 718 424 726 414 717 413 717 412 717 411 717 410 717 401 723 390 720 389 720 388 720 367 726 353 716 352 716 351 716 350 716 349 716 335 725 306 718 305 718 304 718 303 718 291 726 273 726 250 716 249 716 248 716 247 716 237 724 228 716 227 716 226 716 225 716 213 716 208 717 199 718 191 719 191 755 190 769 286 765 313 777 314 777 315 777 361 769 388 773 389 773 390 773 390 772 395 769 407 777 408 777 409 778 428 778 428 777 476 765 535 765 554 765 567 778 568 778 569 779 643 779 643 778 644 778 676 766 682 771 682 772 683 772 684 772 714 776 716 758 715 727 701 727 698 724 692 724"/></Shape>
            <String CONTENT="PSALME CVIII."
                    HPOS="190"
                    VPOS="716"
                    WIDTH="526"
                    HEIGHT="63"
                    WC="0.9945446161123422"></String>
          </TextLine>
          <TextLine ID="eSc_line_07cd7a30"
                    TAGREFS="LT10"
                    BASELINE="165 821 653 821" 
                    HPOS="165"
                    VPOS="774"
                    WIDTH="488"
                    HEIGHT="64">
            <Shape><Polygon POINTS="165 829 201 830 207 836 207 837 208 837 209 837 210 837 238 829 292 837 293 837 325 829 385 835 386 835 410 830 415 835 416 835 417 835 418 835 419 835 433 829 462 835 463 835 464 835 475 831 480 836 480 837 481 837 482 837 483 838 500 838 500 837 501 837 502 837 502 836 510 829 542 836 602 837 603 837 604 837 605 837 605 836 612 830 638 837 639 837 640 837 641 837 642 837 653 829 653 821 652 781 576 783 546 774 545 774 544 774 516 775 515 775 514 775 507 781 491 774 490 774 489 774 488 774 487 774 487 775 478 783 461 776 460 776 459 776 446 781 438 774 437 774 436 774 435 774 402 775 401 775 401 776 395 780 385 774 384 774 383 774 306 774 305 774 304 774 290 778 267 774 266 774 247 783 165 780 165 821"/></Shape>
            <String CONTENT="I. Faure Sus. Paute d’argent"
                    HPOS="165"
                    VPOS="774"
                    WIDTH="488"
                    HEIGHT="64"
                    WC="0.9579291162746293"></String>
          </TextLine>
          <TextLine ID="eSc_line_3e69a81a"
                    TAGREFS="LT8"
                    BASELINE="172 918 497 915 870 918" 
                    HPOS="170"
                    VPOS="858"
                    WIDTH="699"
                    HEIGHT="75">
            <Shape><Polygon POINTS="171 916 170 925 698 932 719 925 735 933 856 933 868 924 869 916 865 860 826 871 807 863 770 871 638 864 608 871 580 863 569 872 490 872 471 858 447 864 433 858 406 871 386 858 320 858 306 870 279 858 233 867 214 858 171 858 171 916"/></Shape>
            <String CONTENT="Dien, mõ cneur pour toy, cõe dois croi¬"
                    HPOS="170"
                    VPOS="858"
                    WIDTH="699"
                    HEIGHT="75"
                    WC="0.9762401275518464"></String>
          </TextLine>
          <TextLine ID="eSc_line_e3206f85"
                    TAGREFS="LT8"
                    BASELINE="172 965 675 964 848 966 864 974" 
                    HPOS="158"
                    VPOS="916"
                    WIDTH="705"
                    HEIGHT="68">
            <Shape><Polygon POINTS="674 927 637 916 590 929 511 916 475 931 439 931 414 916 303 918 292 931 255 931 241 916 206 916 195 928 177 921 158 929 159 975 189 982 225 976 236 984 266 977 319 984 328 975 381 975 393 984 445 975 507 982 525 975 571 975 581 984 603 975 616 982 674 975 681 981 702 976 709 982 726 977 860 984 863 973 861 928 828 919 809 931 781 931 744 919 734 923 726 916"/></Shape>
            <String CONTENT="Eſt preparé: pource ne me tairay, cre."
                    HPOS="158"
                    VPOS="916"
                    WIDTH="705"
                    HEIGHT="68"
                    WC="0.9652449931853857"></String>
          </TextLine>
          <TextLine ID="eSc_line_8874f92d"
                    TAGREFS="LT8"
                    BASELINE="70 1014 622 1012 729 1017" 
                    HPOS="69"
                    VPOS="970"
                    WIDTH="660"
                    HEIGHT="59">
            <Shape><Polygon POINTS="70 1014 70 1021 99 1027 100 1027 140 1021 159 1029 159 1029 160 1029 161 1029 182 1021 341 1029 342 1029 343 1029 344 1029 352 1021 428 1020 459 1027 459 1027 460 1027 484 1020 527 1020 555 1027 556 1027 557 1027 602 1020 619 1027 620 1027 621 1027 622 1027 623 1027 631 1022 650 1028 650 1028 651 1029 669 1029 669 1028 670 1028 671 1028 678 1023 685 1028 686 1028 687 1028 688 1028 728 1027 729 1017 728 981 691 973 690 973 593 981 576 970 575 970 574 970 438 970 437 970 436 970 435 970 422 982 404 982 382 970 382 970 381 970 339 971 338 971 338 971 321 982 257 982 229 973 229 973 228 973 227 973 210 982 190 982 181 975 180 975 179 975 178 975 178 975 154 982 141 971 140 971 140 971 139 971 138 971 137 971 125 981 99 971 98 971 97 971 96 971 69 982 70 1014"/></Shape>
            <String CONTENT="Mais ie diray pſalmes, &amp; chanteray."
                    HPOS="69"
                    VPOS="970"
                    WIDTH="660"
                    HEIGHT="59"
                    WC="0.96585396698543"></String>
          </TextLine>
          <TextLine ID="eSc_line_11d18dab"
                    TAGREFS="LT8"
                    BASELINE="70 1061 733 1059" 
                    HPOS="69"
                    VPOS="1020"
                    WIDTH="664"
                    HEIGHT="57">
            <Shape><Polygon POINTS="70 1061 70 1077 116 1069 167 1074 168 1074 220 1070 261 1076 262 1076 311 1069 328 1075 329 1075 330 1075 331 1075 348 1069 389 1073 390 1073 428 1068 453 1073 454 1073 455 1073 465 1068 497 1074 498 1074 533 1068 572 1074 650 1075 651 1075 652 1075 653 1075 659 1071 664 1075 665 1075 666 1075 667 1076 712 1076 712 1075 713 1075 733 1067 733 1059 731 1026 554 1020 554 1020 553 1020 534 1026 526 1020 525 1020 524 1020 488 1020 487 1020 486 1020 485 1020 465 1032 312 1032 283 1020 282 1020 209 1020 208 1020 207 1020 178 1032 156 1024 155 1024 154 1024 153 1024 133 1033 108 1033 97 1024 96 1024 95 1024 95 1024 69 1027 70 1061"/></Shape>
            <String CONTENT="Car auſſi bien tu’es ma ſeule gloire."
                    HPOS="69"
                    VPOS="1020"
                    WIDTH="664"
                    HEIGHT="57"
                    WC="0.9843323134087227"></String>
          </TextLine>
          <TextLine ID="eSc_line_e44711c3"
                    TAGREFS="LT8"
                    BASELINE="69 1110 697 1108" 
                    HPOS="68"
                    VPOS="1063"
                    WIDTH="629"
                    HEIGHT="61">
            <Shape><Polygon POINTS="69 1110 69 1121 126 1124 127 1124 127 1124 128 1124 138 1117 185 1117 229 1124 229 1124 230 1124 255 1117 274 1124 275 1124 276 1124 277 1124 300 1116 346 1116 361 1123 362 1123 363 1124 384 1124 384 1123 385 1123 401 1116 414 1122 415 1122 416 1122 446 1117 454 1123 455 1123 456 1123 457 1124 483 1124 483 1123 484 1123 507 1115 518 1121 519 1121 520 1121 613 1115 624 1122 625 1122 626 1122 654 1117 661 1122 662 1122 663 1122 663 1123 696 1123 697 1108 695 1070 675 1073 654 1068 653 1068 652 1068 651 1068 642 1072 636 1067 635 1067 634 1067 633 1067 601 1073 585 1065 584 1065 511 1063 510 1063 510 1063 494 1067 488 1063 487 1063 486 1063 485 1063 484 1063 465 1073 452 1066 452 1066 420 1064 310 1064 309 1064 308 1064 274 1076 223 1076 214 1068 213 1068 212 1068 211 1068 210 1068 210 1068 201 1076 155 1076 135 1064 134 1064 118 1064 117 1064 116 1064 115 1064 100 1075 68 1071 69 1110"/></Shape>
            <String CONTENT="Pſalterion, &amp; toy harpe reſueille,"
                    HPOS="68"
                    VPOS="1063"
                    WIDTH="629"
                    HEIGHT="61"
                    WC="0.9977359684074626"></String>
          </TextLine>
          <TextLine ID="eSc_line_f5b70434"
                    TAGREFS="LT8"
                    BASELINE="69 1159 697 1155" 
                    HPOS="68"
                    VPOS="1115"
                    WIDTH="629"
                    HEIGHT="59">
            <Shape><Polygon POINTS="69 1159 69 1174 103 1173 104 1173 126 1166 161 1170 162 1170 270 1165 280 1173 280 1173 281 1173 282 1173 325 1173 325 1173 385 1164 414 1169 414 1169 495 1165 505 1172 506 1172 507 1172 508 1173 508 1172 509 1172 510 1172 520 1165 644 1165 654 1171 655 1171 656 1171 656 1172 683 1172 683 1171 684 1171 697 1164 697 1155 695 1125 664 1119 663 1119 663 1119 644 1124 612 1116 486 1115 485 1115 484 1115 466 1125 452 1115 452 1115 451 1115 399 1115 398 1115 397 1115 396 1115 380 1127 278 1127 265 1121 264 1121 263 1121 237 1124 215 1116 214 1116 191 1116 191 1116 190 1116 171 1124 162 1117 161 1117 160 1117 141 1116 140 1116 140 1116 111 1127 82 1121 81 1121 80 1121 68 1126 69 1159"/></Shape>
            <String CONTENT="Reſueille toy, car ſans faire ſeiour"
                    HPOS="68"
                    VPOS="1115"
                    WIDTH="629"
                    HEIGHT="59"
                    WC="0.9786384652058283"></String>
          </TextLine>
          <TextLine ID="eSc_line_69ef6463"
                    TAGREFS="LT8"
                    BASELINE="69 1206 689 1205" 
                    HPOS="68"
                    VPOS="1160"
                    WIDTH="621"
                    HEIGHT="62">
            <Shape><Polygon POINTS="69 1206 69 1213 112 1221 113 1222 180 1222 180 1221 181 1221 197 1214 242 1218 243 1218 278 1215 286 1221 287 1221 288 1221 289 1222 315 1222 315 1221 316 1221 317 1221 325 1213 343 1219 344 1219 344 1219 345 1219 346 1219 356 1213 366 1218 367 1218 368 1218 369 1218 380 1212 394 1218 395 1218 395 1218 481 1212 491 1220 491 1220 492 1220 493 1221 508 1221 508 1220 509 1220 510 1220 520 1212 554 1212 564 1219 565 1219 566 1219 567 1219 567 1219 582 1215 611 1219 612 1219 612 1219 627 1212 637 1219 638 1219 639 1219 688 1220 689 1205 688 1170 607 1170 554 1161 553 1161 552 1161 532 1167 512 1163 511 1163 510 1163 510 1163 502 1168 494 1163 493 1163 492 1163 449 1160 448 1160 339 1161 338 1161 338 1161 325 1171 272 1171 256 1161 255 1161 255 1161 206 1161 205 1161 204 1161 204 1161 191 1170 160 1161 159 1161 159 1161 158 1161 139 1170 68 1169 69 1206"/></Shape>
            <String CONTENT="M&#x27;eſueilleray à l’aubette du iour,"
                    HPOS="68"
                    VPOS="1160"
                    WIDTH="621"
                    HEIGHT="62"
                    WC="0.9570148876735143"></String>
          </TextLine>
          <TextLine ID="eSc_line_6ad52f54"
                    TAGREFS="LT8"
                    BASELINE="69 1256 863 1251" 
                    HPOS="68"
                    VPOS="1211"
                    WIDTH="795"
                    HEIGHT="94">
            <Shape><Polygon POINTS="69 1256 69 1281 245 1281 274 1296 275 1296 276 1296 387 1294 402 1299 403 1299 404 1299 440 1291 522 1303 523 1303 524 1303 550 1294 571 1304 572 1304 573 1304 573 1304 574 1304 587 1295 599 1300 599 1300 600 1300 629 1297 650 1305 651 1305 652 1305 862 1302 863 1251 861 1222 814 1222 798 1211 797 1211 797 1211 728 1211 727 1211 727 1211 702 1219 572 1212 571 1212 570 1212 552 1220 531 1214 530 1214 529 1214 500 1218 484 1213 483 1213 428 1213 427 1213 427 1213 426 1213 413 1222 384 1224 350 1224 331 1215 330 1215 329 1215 273 1224 202 1224 187 1215 186 1215 185 1215 184 1215 184 1215 162 1224 146 1219 146 1219 145 1219 109 1223 92 1216 91 1216 90 1216 89 1216 68 1222 69 1256"/></Shape>
            <String CONTENT="Pour louer Dieu: plus ne faut qu&#x27;on ſom¬"
                    HPOS="68"
                    VPOS="1211"
                    WIDTH="795"
                    HEIGHT="94"
                    WC="0.9765844061970711"></String>
          </TextLine>
          <TextLine ID="eSc_line_19c7ed68"
                    TAGREFS="LT8"
                    BASELINE="71 1305 212 1305" 
                    HPOS="71"
                    VPOS="1264"
                    WIDTH="141"
                    HEIGHT="68">
            <Shape><Polygon POINTS="71 1305 71 1320 82 1326 82 1326 83 1326 84 1326 85 1326 99 1320 112 1332 113 1332 114 1332 114 1332 115 1332 141 1320 162 1320 184 1332 185 1332 186 1332 212 1332 212 1305 212 1275 178 1264 178 1264 150 1264 149 1264 148 1264 126 1275 93 1269 92 1269 91 1269 71 1275 71 1305"/></Shape>
            <String CONTENT="meille."
                    HPOS="71"
                    VPOS="1264"
                    WIDTH="141"
                    HEIGHT="68"
                    WC="0.9562064749853951"></String>
          </TextLine>
        </TextBlock>
        <TextBlock HPOS="55"
                   VPOS="864"
                   WIDTH="120"
                   HEIGHT="117"
                   ID="eSc_textblock_241a0319"
                   TAGREFS="BT10">
          <Shape><Polygon POINTS="55 864 55 981 175 981 169 864"/></Shape>
          <TextLine ID="eSc_line_68ab0403"
                    TAGREFS="LT9"
                    BASELINE="69 965 154 965" 
                    HPOS="68"
                    VPOS="864"
                    WIDTH="85"
                    HEIGHT="112">
            <Shape><Polygon POINTS="68 969 80 976 81 976 83 976 84 976 85 976 93 969 114 976 115 976 116 976 153 969 153 964 151 864 68 864 68 964"/></Shape>
            <String CONTENT="C"
                    HPOS="68"
                    VPOS="864"
                    WIDTH="85"
                    HEIGHT="112"
                    WC="0.9974982142448425"></String>
          </TextLine>
        </TextBlock>
      </PrintSpace>
    </Page>
  </Layout>
</alto>
