942 1548
86 83 651 54 OEternel, ou toute grace abonde,

81 131 755 54 Ie te donneray loz entre peuple humain.

83 178 660 55 Lequel as faict, & formé de ta main,

84 225 717 55 Et diray Pſalme aux nations du monde

83 271 680 57 Car par deſſus les cieux n’eſt minuée,

85 322 676 57 Mais eſt ſuſeux grand' ta benignité.

82 370 535 53 D’autre coſté veis ta fidelité,

86 412 686 61 Qu'eſt grande auſſi luſques à la nuée,

79 460 803 61 Fais dõc mõ Dieu, que ſus les cieux t'eſſede

76 512 669 57 Et que ta gloire en toute terre foit?

79 559 691 61 Ou bien cela que ta gloire oppreſſoit,

74 607 647 61 Soit opprimé, & ta gloire ſouleue?

80 658 761 57 Afin que tous tes aymez ſoyent deliures

76 704 672 55 Preſerue moy de bous mes ennemiz

74 757 612 58 Par ta vertu, attendu que remis,

78 801 755 57 T’eſt mon poüoir, & reſponſe me liures.

64 847 732 67 Dieu a parlé en ſon ſainct lieu & place,

67 893 667 71 Donc ſans tarder Sichem diuiſeray.

70 947 578 58 Et de Suçoth le valmeſureray,

69 995 668 64 M’eſiouyſſant en luy, & par ſa grace.

68 1040 566 60 Galaad eſt à moy en ſeruitude,

67 1089 624 63 Et Manaſeh eſt mien totalement.

66 1138 686 58 Iehudah ſi eſt mon due pareillement,

67 1187 651 62 Et de mon chef Ephraim fortitude,

71 1234 585 51 Moab le pot eſt de ma lauature,

139 1274 623 77 echauſſement ſus Edom ietteray,

149 48 46 34 112

803 1332 71 58 Et
