938 1547
88 27 54 34 115

34 54 666 57 Et deſſus tous autres triompheray,

36 102 771 57 Pour Philiſtée, ou i’ay mon ſoing & cure.

38 151 641 57 Qui eſt celuy qui en la cité garnie

38 201 621 52 Me conduyratEt qui me menera

36 244 697 54 Iuſqu’en Edomtou bien qui m’aidera

38 293 562 59 A ſubiuger le pays d’Edomie?

38 338 636 53 O Dien as tu tes oreilles fermées?

37 387 682 57 Nous as-tu point ceſte fois deboutét

41 433 700 59 O Dieu n’entens-tu point en ce coſté?

41 487 653 51 Sortiras tu point auec noz armées

42 531 757 56 Donne nous ayde & ſecours nous amene

42 579 605 53 En tout torment & tribulation.

42 623 660 59 Aye de nous Seigneur compaſſion,

44 672 799 54 Car le ſecours de l’homme eſt choſe vaine.

44 719 804 57 Nous deſtruirons ceux qui nous ſont con¬

44 769 799 55 Et ſi ferõs vaillãment de parDieu. (traires.

43 813 787 64 Car ſi pour nous il ſe trouue en tout lleu,

46 864 624 57 Il foulera noz cruelz aduerſaires.

207 955 498 58 PSALME CL. SuS.

239 1004 440 66 Voulez ouyr chanſon. Adel.

135 1091 566 70 Ouez Dieu en tout territoire,

135 1147 297 53 C’eſt l'Eternel.

49 1196 719 84 Pour ſon ſainct lieu & cieux ſoit gloire.

82 1251 299 75 Vray paternel.

64 1086 74 112 L

549 1292 38 78 B
