948 1541
727 3 42 38 115

18 29 771 54 Tous ceux qui ont en toy leur confiance,

17 74 759 54 Confuz ne ſont, ains ilz ſont ſeurement.

45 122 384 55 En toy mon Dieu,

21 167 757 58 De toy ſeul eſt mon ſecours, ma defence,

25 216 803 57 Qui tiens ciel, mer, & terre entre tes mains.

22 265 742 54 L'homme eſt maudict qui ne ſe fie en ce,

29 311 797 62 Quant eſt de moy, i'y ſuis & ſoir & maintz.

45 363 378 53 En toy mon Dieu.

26 404 683 59 Comme le cerf en vn eſtang ſe lance

28 454 801 56 Quand eſt chaſſé des veneurs & des chiens.

25 503 799 56 Semblablemẽt, quand mõ ame eſt en trãſe.

27 553 742 57 A toy ie cours & par Foy me ſouſtiens.

59 599 371 55 En toy mon Dieu.

30 642 655 59 De le ſeruir faiſons tous diligence,

32 693 687 56 Sans diſcerner de places ou de lieux:

34 742 697 57 Il eſt par tout par eſſence & preſence,

39 791 616 54 Qui ce ne croit eſt contumelieux.

63 837 359 55 En toy mon Dieu.

37 880 761 61 Rien ne nous ſert la chair & ſa prudence,

38 931 699 61 L'Eſprit regit tout homme en verité,

36 980 605 54 Et ſi le fait auoir ferme creance,

38 1027 628 61 Et patience au temps d'aduerſité.

69 1077 355 58 En toy mon Dieu.

41 1124 729 56 Prince regnant en ta haute excellence,

41 1170 729 59 D'auoir mal faict, il me vient mal à gré:

39 1220 706 71 Pardon requiers à ta ſaincte clemence,

503 1273 102 70 H 2
