952 1545
729 39 64 73 42

27 78 566 62 N’ayant point congnoiſſance

24 124 578 53 De verité, ii fois

25 169 391 60 En aymant charité.

68 217 486 62 La mort vient à la porte,

31 266 454 59 Si Dieu me veut laiſſer,

33 315 528 61 L’ennemy tient main forte,

41 361 454 53 S'efforceant me bleſſer.

36 410 469 56 Si mon Dieu ne reclame,

36 457 398 60 Ayant pitié de lame,

39 499 677 66 Que cherement ii fois

35 550 453 69 Rachepta par torment.

46 690 762 72 Sur le chant, Mon poure cueur eſt en priſon, D'eu

93 744 470 64 gard de mal qui luy a mis, &c.

166 821 605 81 On Dieu ſauue moy en ton Nom.

155 888 453 60 Et me iuge par ta vertu,

49 936 489 56 Exauce auſſi mon oraiſon,

54 982 562 62 Quand ie le croy, auſſi faiz-tu.

46 1033 501 56 Ie ne crains Satan vn feſtu:

48 1079 595 60 La mort, enfer, ne ſes tormentz,

47 1127 508 58 Ne l'Antechriſt fol & teſtu,

43 1177 550 59 Car tu es vray en iugementz.

81 1226 534 58 Sapué ſeray par ton ſermon,

36 1273 674 78 Plus trenchant qu'vn glaiue pointu,

59 834 98 99 M

475 1327 113 72 i 3
