943 1587
62 123 46 33 122

50 145 518 57 De nous en toute aduerſité.

82 192 594 61 Faictes qu’ayons fiance en vous,

52 242 481 58 Non pas en la mondanité.

50 282 601 66 Et qu’en eſprit nous diſions tous

50 335 452 59 Honneur ſoit à la Deité.

83 383 493 58 Amen, amen, o doux Ieſus,

56 428 570 64 Lequel Dieu par grand charité

55 479 453 57 Enuoyé nous a de là ſus,

63 527 444 64 Et par toy nous a viſité.

370 607 165 71 FIN.

154 707 614 67 TABLE DES CHAN.

300 758 317 63 ſons ſpirituelles.

59 845 761 72 Adore vn Dieu. page3.

59 899 790 70 Aduienne que pourra venir, page9.

60 946 801 67 Ie te ſalue mon certain, &c. Iu: page 12.

63 995 795 68 Le vieil ſerpent par, &c.  page 15.

64 1040 798 74 Tant que viuray en eage. page 17.

62 1092 800 63 Combien ſera l’homme fidelle heu. page 21.

64 1141 794 65 Quand me ſouuient de l’Euangile page 23.

63 1188 801 64 Ie vous eſcriz ma ſœur treſbien. page 24.

71 1231 801 70 Qui la dira la douleur de mon. page 26.

67 1286 802 62 Secourez moy Sire des ennemiz page 28.

71 1329 821 72 Si de bon cueur ne t’ayme., page 29.

786 1382 80 66 Fay
