965 1551
770 33 56 49 9

75 359 80 101 A

77 71 789 59 Chanſon ſpirituelle en recongnoiſſance du grand ſa¬

103 123 765 57 lut que nous auons par Ieſus Chriſt. Et ſe chante

85 170 367 52 Sur le chant commun,

107 217 440 56 Aduienne que pourra uenir,

75 264 502 57 Il ne me chaut quoy ne comment.

157 355 511 58 Duienne que pourra venir,

162 405 634 60 Puis que Ieſus eſt mort pour moy:

68 454 589 54 En luy ie veux viure & mourir,

68 502 513 54 Perſeuerant en ferme Foy:

71 547 736 76 C'eſt mon Seigneur, mon ſouurain Roy.

76 597 535 57 Qui de ſon ſang m'a racheté,

68 643 514 56 Et m'a du tout acquis à ſoy

66 689 524 53 Pour luy ſeruir en ſaincteté,

104 736 529 57 Par mon peché ord & infect

65 784 462 59 I'eſtoye en malediction:

62 832 530 56 Satan m'auoit rendu ſubiect

65 877 455 62 A ſa maudicte affection:

65 928 517 58 Mais par la mort & paſſion

62 977 678 63 De Ieſus Chriſt mon vray Seigneur,

64 1027 505 52 Ie ſuis hors de damnation,

62 1073 614 58 Eſtant remply de tout bon-heur.

96 1121 692 62 O Seigneur Dieu, mon ſouurain bien.

63 1171 581 56 De ton bon gré tu m'as donné

67 1218 629 58 Ton propre Filz, & l'as faict mien,

57 1266 588 93 Et par luy m'as tout pardonné.

513 1315 113 73 A 5
