941 1551
128 37 34 34 10

67 62 506 60 Par moy tu l'as abandonné

68 114 568 56 A mourir comme vn criminel.

68 161 492 57 Par luy tu m'as enuironné

65 208 464 59 De toute ioye, o eternel.

99 254 593 61 Que puis-ie donc dire ou penſer

65 301 539 58 Pour te louer parfaictement?

64 351 612 57 Faiz que craignant de t'offencer,

63 398 569 59 Ie ſerue à toy treſſainctement,

63 445 573 59 Inſpire en moy l'entendement,

62 496 535 57 Pour te louer en vray eſprit,

62 541 519 60 En recordant le ſauuement,

70 586 627 62 Que tu m'as faict par Ieſus Chriſt.

97 637 604 58 Lors à ton Nom, o tout puiſſant,

63 687 620 54 De tout mon cueur ie chanteray.

62 728 554 61 Et en ton Filz m'eſiouyſſant,

71 780 654 57 Tes grands biens-faictz recorderay:

71 828 555 58 Tout mon viuant ie porteray

64 878 621 55 Honneur à toy en tous endroitz.

64 925 525 56 Aux ignorans i'enſeigneray

68 969 616 65 Tes Mandemens iuſtes & droitz.

67 1064 799 61 Chanſon des articles de la Foy. Sur le chant Faute

110 1114 753 63 d'argent, ◊a mal-heureuſe chance, Le deſtourbier

104 1163 243 52 de tout, &c.

160 1209 708 65 V grand cõſeil par diuine ordonnance

169 1260 669 73 Fut ◊ecreté qu'au pere entierement

73 1203 93 115 A

711 1308 161 77 Chacun
