952 1558
748 63 27 37 11

66 90 722 58 Chacun croiroit, & au Filz ſa puiſſance,

61 139 586 55 Par lequel ſeul il a le firmament

61 190 600 54 Faict & crée, auec ſon ornement.

62 235 695 54 La terre auſſi, comme Moſes recueille,

62 288 671 51 Cela ie croy de cueur certainement.

63 325 748 64 Faute de Foy, c'eſt douleur non pareille.

90 379 711 55 En certain temps le Pere de clemence

67 425 694 55 Nous a donné ſon Filz benignement,

62 471 709 58 Pour ſatiſfaire à luy de noſtre offenſe,

61 516 799 63 Et fut conceu du ſainct Eſprit vrayement.

64 569 654 61 Nay de Marie, & nourry purement

64 611 795 67 Vierge auſſi mere, obſtãt que ſoit merueille

63 665 690 56 Ie croy cela de cueur certainement. ◊

64 708 746 63 Faute de Foy c'eſt douleur non pareille.

100 759 707 56 Il a ſouffert deſſoubz Pilate outrance,

64 807 600 61 Qui le liura à mort iniuſtement:

61 856 714 59 Pendant en croix en grande patience,

59 901 718 65 Auecques deux larrons honteuſement:

62 949 704 64 Helas c'eſtoit pour noſtre ſauuement.

59 997 676 58 Le Centenier voyant, ſ'eſmerueille.◊

60 1046 667 54 Ie croy cela de cueur certainement.

61 1088 753 66 Faute de Foy. c'eſt douleur non pareille.

106 1135 745 71 Apres ſa mort Ioſeph par grãd conſtãce

58 1191 618 57 Enſeuelit le corps de l'innocent:

59 1235 723 59 De là deſcend es enfers ſans doubtance

55 1285 658 73 Pour deliurer ſes eleuz de torment,
