942 1557
122 32 35 35 12

64 59 711 56 Dieu au tiers iour le corps diuinement

64 108 660 57 Reſſuſcita, nous gardant la pareille.

62 158 666 53 Ie croy cela de cueur certainement:

64 203 748 57 Faute de Foy, c’eſt douleur non pareille.

104 251 660 55 Quarante iours apres la deliurance:

64 301 615 51 Es cieux monta victorieuſement.

68 345 696 58 De là viendra en ſa grand excellence,

67 390 683 58 Des vifz & mortz faire le iugement,

70 440 673 59 Qui croit cela ne mourra hullement,

65 488 604 56 Mais eſt paſſé en la vie eternelle.

67 534 667 57 Ie croy cela de cueur certainement.

67 583 742 57 Faute de Foy c’eſt douleur non pareille.

74 629 693 58 Au ſainct Eſprit tu auras ta creance:

66 677 624 61 Lequel regit l’Egliſe ſainctement.

66 729 683 56 La compagnie de ceux qui ont fiance

66 774 719 57 En Ieſus Chriſt, croyant parfaictement

64 823 633 51 Remiſſion, tout mort finablement

65 865 797 62 Prẽdra ſa chair, qui dort ou qui ſommeille.

64 919 658 55 Ie croy cela de cueur certainement.

69 963 750 76 Faute de Foy, c’eſt douleur non pareille.

207 1052 463 69 Sur le chait, Ma bien acquiſe.

121 1147 675 64 E te ſalue mon certain Redempteur,

134 1197 711 90 Ma vraye fiance & mon ſeul Saluateur:

71 1247 428 66 Qui de tant de labeurs.

81 1155 43 100 I

681 1281 202 93 D'ennuix
