<?xml version="1.0" encoding="UTF-8"?>
<alto xmlns:xsi="http://www.w3.org/2001/XMLSchema-instance"
      xmlns="http://www.loc.gov/standards/alto/ns-v4#"
      xsi:schemaLocation="http://www.loc.gov/standards/alto/ns-v4# http://www.loc.gov/standards/alto/v4/alto-4-2.xsd">
  <Description>
    <MeasurementUnit>pixel</MeasurementUnit>
    <sourceImageInformation>
      <fileName>19_c404f_default.jpg</fileName>
      <fileIdentifier>https://iiif.onb.ac.at/images/ABO/Z182216708/00000020/full/full/0/default.jpg</fileIdentifier>
    </sourceImageInformation>
  </Description>
  <Tags>
    <OtherTag ID="BT7" LABEL="CustomZone" DESCRIPTION="block type CustomZone"/><OtherTag ID="BT8" LABEL="DamageZone" DESCRIPTION="block type DamageZone"/><OtherTag ID="BT9" LABEL="DigitizationArtefactZone" DESCRIPTION="block type DigitizationArtefactZone"/><OtherTag ID="BT10" LABEL="DropCapitalZone" DESCRIPTION="block type DropCapitalZone"/><OtherTag ID="BT11" LABEL="GraphicZone" DESCRIPTION="block type GraphicZone"/><OtherTag ID="BT12" LABEL="MainZone" DESCRIPTION="block type MainZone"/><OtherTag ID="BT13" LABEL="MarginTextZone" DESCRIPTION="block type MarginTextZone"/><OtherTag ID="BT14" LABEL="MusicZone" DESCRIPTION="block type MusicZone"/><OtherTag ID="BT15" LABEL="NumberingZone" DESCRIPTION="block type NumberingZone"/><OtherTag ID="BT17" LABEL="QuireMarksZone" DESCRIPTION="block type QuireMarksZone"/><OtherTag ID="BT18" LABEL="RunningTitleZone" DESCRIPTION="block type RunningTitleZone"/><OtherTag ID="BT19" LABEL="SealZone" DESCRIPTION="block type SealZone"/><OtherTag ID="BT20" LABEL="StampZone" DESCRIPTION="block type StampZone"/><OtherTag ID="BT21" LABEL="TableZone" DESCRIPTION="block type TableZone"/><OtherTag ID="BT22" LABEL="TitlePageZone" DESCRIPTION="block type TitlePageZone"/>
    <OtherTag ID="LT7" LABEL="CustomLine" DESCRIPTION="line type CustomLine"/><OtherTag ID="LT8" LABEL="DefaultLine" DESCRIPTION="line type DefaultLine"/><OtherTag ID="LT9" LABEL="DropCapitalLine" DESCRIPTION="line type DropCapitalLine"/><OtherTag ID="LT10" LABEL="HeadingLine" DESCRIPTION="line type HeadingLine"/><OtherTag ID="LT11" LABEL="InterlinearLine" DESCRIPTION="line type InterlinearLine"/><OtherTag ID="LT12" LABEL="MusicLine" DESCRIPTION="line type MusicLine"/><OtherTag ID="LT1074" LABEL="default" DESCRIPTION="line type default"/>
  </Tags>
  <Layout>
    <Page WIDTH="938"
          HEIGHT="1552"
          PHYSICAL_IMG_NR="19"
          ID="eSc_dummypage_">
      <PrintSpace HPOS="0"
                  VPOS="0"
                  WIDTH="938"
                  HEIGHT="1552">
        <TextBlock HPOS="106"
                   VPOS="7"
                   WIDTH="70"
                   HEIGHT="54"
                   ID="eSc_textblock_b554bcae"
                   TAGREFS="BT15">
          <Shape><Polygon POINTS="106 12 106 61 176 61 176 7"/></Shape>
          <TextLine ID="eSc_line_977a6d24"
                    TAGREFS="LT8"
                    BASELINE="124 48 163 47" 
                    HPOS="120"
                    VPOS="14"
                    WIDTH="41"
                    HEIGHT="51">
            <Shape><Polygon POINTS="122 47 122 65 161 59 161 46 157 14 120 16 122 47"/></Shape>
            <String CONTENT="16"
                    HPOS="120"
                    VPOS="14"
                    WIDTH="41"
                    HEIGHT="51"
                    WC="0.9998229146003723"></String>
          </TextLine>
        </TextBlock>
        <TextBlock HPOS="68"
                   VPOS="39"
                   WIDTH="845"
                   HEIGHT="1293"
                   ID="eSc_textblock_b2aca4ca"
                   TAGREFS="BT12">
          <Shape><Polygon POINTS="68 58 75 1332 913 1301 906 39"/></Shape>
          <TextLine ID="eSc_line_38513d97"
                    TAGREFS="LT8"
                    BASELINE="88 94 324 88 736 85" 
                    HPOS="88"
                    VPOS="48"
                    WIDTH="648"
                    HEIGHT="63">
            <Shape><Polygon POINTS="726 48 717 48 709 48 705 48 687 52 676 48 674 48 666 49 659 49 639 51 629 49 623 49 614 49 601 54 590 50 588 50 579 50 579 50 568 54 557 50 553 50 545 50 536 50 530 50 510 53 504 50 502 50 493 50 487 50 480 54 478 51 476 51 467 51 459 51 450 51 441 51 433 51 424 52 415 52 407 52 398 52 390 52 382 56 364 53 363 53 362 53 361 53 356 57 320 53 312 54 303 54 295 54 289 54 279 59 224 59 178 59 159 52 158 52 157 52 157 52 156 52 146 60 95 56 94 56 94 56 93 56 88 59 88 94 88 106 116 111 117 111 118 111 141 103 224 102 233 107 234 107 235 107 236 107 237 107 250 101 302 101 360 110 361 110 384 106 472 108 473 108 474 108 506 99 535 107 535 107 536 107 557 103 563 107 564 107 565 107 566 107 650 106 651 106 670 98 698 106 699 106 700 106 701 106 717 98 734 99 736 85 734 50 726 48"/></Shape>
            <String CONTENT="Et ſermonné, qu’il ſt eſt abandonné"
                    HPOS="88"
                    VPOS="48"
                    WIDTH="648"
                    HEIGHT="63"
                    WC="0.9780207872390747"></String>
          </TextLine>
          <TextLine ID="eSc_line_9de229c7"
                    TAGREFS="LT8"
                    BASELINE="90 143 446 135 846 137" 
                    HPOS="89"
                    VPOS="99"
                    WIDTH="757"
                    HEIGHT="60">
            <Shape><Polygon POINTS="814 100 810 99 780 99 779 99 778 99 777 99 766 106 734 106 723 99 723 99 722 99 721 99 653 100 652 100 636 105 613 101 612 101 611 101 589 106 505 100 504 100 472 101 472 101 455 110 420 110 408 103 407 103 406 103 405 103 404 103 396 110 372 110 340 102 339 102 339 102 294 112 173 112 109 104 108 104 107 104 89 112 90 143 90 155 138 159 138 159 139 159 169 150 249 150 262 158 263 158 264 158 264 159 288 159 288 158 327 150 354 157 355 157 356 157 390 150 406 156 407 156 408 157 444 157 444 156 445 156 459 150 471 156 472 156 472 156 473 157 493 157 493 156 494 156 495 156 510 148 535 148 595 156 596 156 597 156 598 156 610 147 631 147 652 152 653 152 654 152 697 147 743 154 744 154 845 150 846 137 845 106 817 100 814 100"/></Shape>
            <String CONTENT="A en manger, las que l’homme eſt fragile,"
                    HPOS="89"
                    VPOS="99"
                    WIDTH="757"
                    HEIGHT="60"
                    WC="0.9841776955418471"></String>
          </TextLine>
          <TextLine ID="eSc_line_77e01a4d"
                    TAGREFS="LT8"
                    BASELINE="130 188 455 182 761 183" 
                    HPOS="129"
                    VPOS="146"
                    WIDTH="632"
                    HEIGHT="54">
            <Shape><Polygon POINTS="130 188 130 196 179 200 180 200 181 200 182 200 188 196 276 199 276 199 339 194 409 200 409 200 410 200 427 194 491 194 500 200 501 200 502 200 503 200 588 195 600 200 601 200 602 200 761 198 761 183 761 154 746 154 736 146 736 146 735 146 655 146 654 146 654 146 653 146 646 151 636 147 635 147 554 147 553 147 553 147 532 156 480 151 479 151 416 156 399 150 398 150 397 150 360 156 341 150 340 150 339 150 339 150 311 157 281 151 280 151 279 151 278 151 278 152 271 158 225 158 209 150 208 150 207 150 176 156 141 150 140 150 139 150 129 155 130 188"/></Shape>
            <String CONTENT="Et lors à mort criminelle &amp; ciuile"
                    HPOS="129"
                    VPOS="146"
                    WIDTH="632"
                    HEIGHT="54"
                    WC="0.9746326122965131"></String>
          </TextLine>
          <TextLine ID="eSc_line_cf237473"
                    TAGREFS="LT8"
                    BASELINE="94 237 465 231 768 231" 
                    HPOS="93"
                    VPOS="191"
                    WIDTH="675"
                    HEIGHT="62">
            <Shape><Polygon POINTS="94 237 94 249 112 252 113 252 113 252 114 252 123 246 146 246 170 252 171 252 172 252 173 252 198 245 258 253 259 253 260 253 261 253 272 245 314 251 314 251 315 251 328 244 365 249 366 249 367 249 384 244 393 251 394 251 395 251 396 252 481 252 481 251 482 251 509 244 516 248 517 248 518 248 554 243 568 250 569 250 570 250 571 250 599 243 657 250 658 250 696 242 717 249 717 249 718 250 767 250 768 231 767 200 749 200 733 191 732 191 731 191 730 191 717 199 682 200 627 192 626 192 625 192 624 192 615 200 585 194 585 194 514 200 495 193 494 193 493 193 492 193 491 193 482 201 472 194 471 194 470 194 469 194 429 201 414 194 413 194 412 194 343 194 342 194 330 200 310 194 309 194 308 194 308 194 281 203 193 195 192 195 171 196 170 196 169 196 158 205 124 205 111 196 110 196 109 196 93 196 94 237"/></Shape>
            <String CONTENT="Par ſon peché &amp; mal fut condamné,"
                    HPOS="93"
                    VPOS="191"
                    WIDTH="675"
                    HEIGHT="62"
                    WC="0.9951092447553362"></String>
          </TextLine>
          <TextLine ID="eSc_line_2cf21fa3"
                    TAGREFS="LT8"
                    BASELINE="92 285 526 278 755 281" 
                    HPOS="91"
                    VPOS="240"
                    WIDTH="664"
                    HEIGHT="60">
            <Shape><Polygon POINTS="92 285 92 294 154 294 175 300 176 300 176 300 177 300 201 294 228 300 229 300 230 300 243 293 269 293 299 296 300 296 354 292 394 299 395 299 484 298 484 298 485 298 497 291 512 298 513 298 514 298 566 293 589 297 590 297 627 296 628 296 638 291 669 296 670 296 754 292 755 281 754 250 719 250 687 241 686 241 686 241 685 241 662 250 634 240 633 240 610 240 609 240 553 241 553 241 527 250 509 244 508 244 507 244 472 248 458 242 457 242 456 242 455 242 432 253 397 253 375 245 374 245 373 245 311 251 285 244 284 244 283 244 283 244 261 254 239 244 239 244 238 244 237 244 215 251 177 244 176 244 176 244 153 256 132 256 118 245 117 245 116 245 91 245 92 285"/></Shape>
            <String CONTENT="Et reiecté de Dieu comme damné,."
                    HPOS="91"
                    VPOS="240"
                    WIDTH="664"
                    HEIGHT="60"
                    WC="0.9688440105494331"></String>
          </TextLine>
          <TextLine ID="eSc_line_4466b67c"
                    TAGREFS="LT8"
                    BASELINE="95 332 435 326 754 326" 
                    HPOS="94"
                    VPOS="288"
                    WIDTH="660"
                    HEIGHT="59">
            <Shape><Polygon POINTS="95 332 95 346 148 347 149 347 150 347 164 340 201 340 271 345 272 345 388 338 439 338 450 344 451 344 452 344 633 343 634 343 635 343 646 336 675 342 676 342 729 340 730 340 730 340 736 336 753 339 754 326 752 296 719 296 709 288 708 288 707 288 689 288 688 288 687 288 668 296 643 288 642 288 642 288 609 295 600 289 599 289 598 289 556 289 555 289 554 289 528 297 511 290 510 290 487 290 486 290 485 290 484 290 476 298 458 299 398 294 397 294 315 300 277 292 276 292 276 292 256 300 186 293 185 293 184 293 149 301 109 295 108 295 107 295 94 301 95 332"/></Shape>
            <String CONTENT="Car il n’eſtoit au monde rien ſi vile."
                    HPOS="94"
                    VPOS="288"
                    WIDTH="660"
                    HEIGHT="59"
                    WC="0.9901422277877205"></String>
          </TextLine>
          <TextLine ID="eSc_line_7a3cda9c"
                    TAGREFS="LT8"
                    BASELINE="138 380 361 375 868 373" 
                    HPOS="138"
                    VPOS="334"
                    WIDTH="730"
                    HEIGHT="62">
            <Shape><Polygon POINTS="862 339 854 338 845 337 837 336 804 334 803 334 802 334 801 334 786 344 713 344 702 336 701 336 700 336 670 335 669 335 668 335 667 335 654 345 631 345 618 338 617 338 616 338 584 344 553 336 552 336 551 336 550 336 532 344 509 337 508 337 507 337 506 337 489 345 472 337 471 337 470 337 434 341 400 337 399 337 350 346 327 337 327 337 326 337 325 337 324 337 313 345 301 339 300 339 299 339 265 347 138 342 138 380 138 388 206 388 230 395 231 395 232 396 268 396 268 395 306 387 349 387 375 394 376 394 377 395 399 395 399 394 400 394 401 394 413 386 477 386 491 394 491 394 492 394 493 394 529 387 547 392 548 392 549 392 585 388 596 393 597 393 598 393 700 392 701 392 702 392 710 387 738 392 739 392 740 392 753 386 781 391 782 391 783 391 784 391 795 384 821 391 822 391 823 391 868 387 868 373 867 339 862 339"/></Shape>
            <String CONTENT="Pour garder l’huis de la treshaute ville"
                    HPOS="138"
                    VPOS="334"
                    WIDTH="730"
                    HEIGHT="62"
                    WC="0.9911740675568581"></String>
          </TextLine>
          <TextLine ID="eSc_line_24c830a6"
                    TAGREFS="LT8"
                    BASELINE="96 426 662 421" 
                    HPOS="95"
                    VPOS="382"
                    WIDTH="567"
                    HEIGHT="58">
            <Shape><Polygon POINTS="96 426 96 438 201 434 209 439 210 439 211 439 212 440 239 440 239 439 265 434 301 438 302 438 336 433 405 438 406 438 433 432 472 438 472 438 473 438 474 438 474 437 475 437 478 433 504 437 505 437 506 437 507 437 516 431 566 437 566 437 567 437 588 431 598 436 599 436 600 437 635 437 635 436 662 429 662 421 661 390 630 384 629 384 629 384 605 390 592 382 591 382 591 382 590 382 589 382 560 392 511 392 503 386 502 386 501 386 500 386 499 386 484 391 473 383 472 383 472 383 471 383 470 383 449 391 417 384 416 384 415 384 415 384 404 392 377 391 371 385 370 385 369 385 368 385 327 391 319 385 318 385 317 385 283 385 283 385 282 385 261 394 230 394 220 386 219 386 218 386 217 386 153 395 111 395 95 388 96 426"/></Shape>
            <String CONTENT="Vn Cherubin fut là determiné:"
                    HPOS="95"
                    VPOS="382"
                    WIDTH="567"
                    HEIGHT="58"
                    WC="0.9981832388908632"></String>
          </TextLine>
          <TextLine ID="eSc_line_209563c7"
                    TAGREFS="LT8"
                    BASELINE="102 475 495 469 805 470" 
                    HPOS="102"
                    VPOS="428"
                    WIDTH="703"
                    HEIGHT="65">
            <Shape><Polygon POINTS="102 485 181 489 182 489 228 485 244 491 245 491 245 491 263 488 269 492 270 492 270 492 271 493 320 493 320 492 348 486 358 491 359 491 360 492 422 492 422 491 423 491 424 491 433 486 503 490 503 490 504 490 520 482 540 490 541 490 541 490 542 490 543 490 554 482 582 486 583 486 623 481 646 489 647 489 648 490 696 490 696 489 697 489 719 481 754 481 804 487 805 470 805 433 766 430 765 430 764 430 733 438 716 428 715 428 714 428 713 428 684 437 673 429 672 429 671 429 670 429 638 433 620 429 619 429 618 429 617 429 588 439 565 431 564 431 563 431 534 436 511 430 510 430 509 430 509 430 490 437 472 431 471 431 470 431 469 431 458 437 449 432 448 432 447 432 379 440 365 431 365 431 364 431 363 431 362 431 343 439 319 431 318 431 275 431 274 431 273 431 272 431 258 440 133 442 102 433 102 475 102 485"/></Shape>
            <String CONTENT="Tenant au poing vn glaiue deſgainé,"
                    HPOS="102"
                    VPOS="428"
                    WIDTH="703"
                    HEIGHT="65"
                    WC="0.979210055536694"></String>
          </TextLine>
          <TextLine ID="eSc_line_a1829a94"
                    TAGREFS="LT8"
                    BASELINE="95 524 317 519 837 519" 
                    HPOS="94"
                    VPOS="480"
                    WIDTH="743"
                    HEIGHT="59">
            <Shape><Polygon POINTS="95 524 95 536 145 531 174 538 175 538 176 538 201 531 235 531 246 538 247 538 248 538 249 539 323 539 323 538 324 538 350 530 389 530 404 538 405 538 406 538 489 538 489 538 490 538 498 533 553 538 553 538 554 538 571 530 613 537 614 537 615 537 629 529 662 536 663 536 664 536 665 536 676 529 698 529 712 536 713 536 714 536 715 536 730 529 774 529 814 537 815 537 816 537 837 527 837 519 836 483 811 488 794 480 793 480 770 480 769 480 768 480 751 488 741 480 740 480 739 480 725 480 724 480 723 480 723 480 709 489 669 489 655 481 654 481 654 481 653 481 613 485 605 480 604 480 604 480 575 480 574 480 559 481 558 481 557 481 544 490 480 490 428 481 427 481 426 481 409 490 364 490 336 481 335 481 334 481 333 481 308 488 288 484 287 484 192 490 173 481 172 481 137 481 136 481 135 481 134 481 122 489 94 489 95 524"/></Shape>
            <String CONTENT="Glaiue trenchant, &amp; vn glaiue verſatile,"
                    HPOS="94"
                    VPOS="480"
                    WIDTH="743"
                    HEIGHT="59"
                    WC="0.9729517504572869"></String>
          </TextLine>
          <TextLine ID="eSc_line_6e3ca228"
                    TAGREFS="LT8"
                    BASELINE="100 567 824 565" 
                    HPOS="99"
                    VPOS="527"
                    WIDTH="725"
                    HEIGHT="59">
            <Shape><Polygon POINTS="100 567 100 579 155 579 169 584 170 584 171 584 191 581 200 585 201 585 201 586 227 586 227 585 228 585 229 585 236 580 241 584 242 584 243 584 301 585 302 585 302 585 320 579 423 579 441 585 442 585 443 585 520 579 535 584 536 584 537 584 581 579 615 584 616 584 616 584 632 578 659 578 673 584 673 584 674 584 729 579 756 584 757 584 824 582 824 565 823 531 737 527 736 527 716 531 686 527 685 527 684 527 664 537 648 527 648 527 647 527 646 527 601 531 557 527 556 527 555 527 554 527 541 537 514 537 498 527 497 527 497 527 496 527 495 527 486 531 475 527 474 527 473 527 472 527 458 532 447 530 446 530 446 530 445 530 444 530 435 535 415 528 415 528 414 528 413 528 392 538 370 538 351 528 350 528 349 528 328 530 327 530 327 530 315 538 264 532 263 532 262 532 248 538 175 538 147 531 146 531 145 531 144 531 144 531 134 538 99 538 100 567"/></Shape>
            <String CONTENT=" Pour appaiſer de Dieu hire indicible:"
                    HPOS="99"
                    VPOS="527"
                    WIDTH="725"
                    HEIGHT="59"
                    WC="0.9814519082245073"></String>
          </TextLine>
          <TextLine ID="eSc_line_86ea6b72"
                    TAGREFS="LT8"
                    BASELINE="96 619 378 613 661 615" 
                    HPOS="95"
                    VPOS="574"
                    WIDTH="566"
                    HEIGHT="59">
            <Shape><Polygon POINTS="96 619 96 627 132 633 133 633 134 633 135 633 135 632 143 626 200 631 201 631 201 631 202 631 210 625 216 630 217 630 218 630 219 630 220 630 233 625 291 630 292 630 316 625 329 632 330 632 331 632 363 632 363 632 364 632 384 625 428 625 436 631 437 631 438 631 439 632 505 632 505 631 506 631 516 626 546 631 547 631 547 631 548 631 560 623 567 629 568 629 569 629 570 629 616 625 642 630 643 630 644 630 661 621 661 615 659 582 645 582 635 575 635 574 635 574 634 574 633 574 632 574 613 582 594 582 579 575 578 575 577 575 576 575 546 583 526 575 525 575 482 575 481 575 480 575 458 583 404 575 403 575 402 575 379 584 368 575 367 575 366 575 365 575 334 580 322 575 321 575 321 575 320 575 302 586 291 586 282 577 282 576 281 576 280 576 279 576 278 576 265 582 254 576 253 576 252 576 251 576 251 576 251 577 241 586 195 586 158 577 157 577 157 577 156 577 145 586 105 582 104 582 103 582 95 586 96 619"/></Shape>
            <String CONTENT="Le bon Abel de Foy illuminé,"
                    HPOS="95"
                    VPOS="574"
                    WIDTH="566"
                    HEIGHT="59"
                    WC="0.9900044531657778"></String>
          </TextLine>
          <TextLine ID="eSc_line_ea3eb78b"
                    TAGREFS="LT8"
                    BASELINE="98 665 644 662" 
                    HPOS="97"
                    VPOS="621"
                    WIDTH="547"
                    HEIGHT="61">
            <Shape><Polygon POINTS="98 665 100 682 107 675 120 680 121 680 122 680 158 675 180 679 181 679 258 674 286 680 287 680 288 680 289 680 298 674 346 680 346 680 347 680 374 673 440 679 441 679 643 673 644 662 643 632 620 621 619 621 618 621 617 621 597 632 578 632 562 626 561 626 560 626 537 631 511 621 510 621 509 621 509 621 508 621 492 633 443 633 429 622 428 622 428 622 378 622 377 622 377 622 348 634 303 634 283 623 282 623 258 623 258 623 257 623 235 630 224 624 223 624 192 624 191 624 190 624 170 633 97 635 98 665"/></Shape>
            <String CONTENT="Sacrifia: ſon peché pardonné."
                    HPOS="97"
                    VPOS="621"
                    WIDTH="547"
                    HEIGHT="61"
                    WC="0.9488933470941359"></String>
          </TextLine>
          <TextLine ID="eSc_line_35d82e26"
                    TAGREFS="LT8"
                    BASELINE="95 715 453 708 794 708" 
                    HPOS="94"
                    VPOS="672"
                    WIDTH="765"
                    HEIGHT="55">
            <Shape><Polygon POINTS="845 680 837 675 832 673 817 681 765 681 750 672 749 672 748 672 711 673 710 673 709 673 698 680 678 680 667 672 666 672 665 672 605 676 574 673 573 673 572 673 552 682 516 677 515 677 465 682 444 674 443 674 401 674 400 674 399 674 374 683 260 683 237 675 236 675 235 675 234 675 216 682 160 682 148 675 147 675 146 675 145 675 144 675 128 681 119 675 118 675 117 675 116 675 94 679 95 715 95 727 146 726 147 726 148 726 155 722 214 726 215 726 229 721 272 726 273 726 274 726 285 720 318 725 319 725 346 720 434 724 471 719 511 725 512 725 547 719 553 725 554 725 555 725 556 725 730 719 799 724 800 724 813 719 857 723 859 711 856 687 854 685"/></Shape>
            <String CONTENT="Eſtre ne pent ear l&#x27;homnme et iontile."
                    HPOS="94"
                    VPOS="672"
                    WIDTH="765"
                    HEIGHT="55"
                    WC="0.9301094459859949"></String>
          </TextLine>
          <TextLine ID="eSc_line_1b8c7509"
                    TAGREFS="LT8"
                    BASELINE="129 762 522 756 765 756" 
                    HPOS="128"
                    VPOS="716"
                    WIDTH="715"
                    HEIGHT="62">
            <Shape><Polygon POINTS="129 772 139 777 140 777 141 777 142 777 157 770 180 769 195 775 196 775 197 775 208 769 219 776 220 776 221 776 250 769 352 769 376 778 377 778 378 778 397 772 408 776 409 776 410 776 411 776 424 768 470 768 483 777 484 777 485 778 545 778 545 777 616 769 627 776 628 776 629 776 675 769 702 776 703 776 704 776 843 768 843 758 842 723 744 726 724 716 723 716 705 716 704 716 703 716 702 716 688 725 658 717 657 717 583 717 582 717 581 717 580 717 568 725 549 718 548 718 496 718 495 718 494 718 459 729 389 729 346 728 327 719 326 719 325 719 324 719 307 729 289 724 288 724 241 730 214 719 170 719 169 719 140 730 128 729 129 762"/></Shape>
            <String CONTENT="oulaionde poius toduas tai¬"
                    HPOS="128"
                    VPOS="716"
                    WIDTH="715"
                    HEIGHT="62"
                    WC="0.8110744831738649"></String>
          </TextLine>
          <TextLine ID="eSc_line_cb8af8b0"
                    TAGREFS="LT8"
                    BASELINE="95 812 461 804 632 804" 
                    HPOS="94"
                    VPOS="765"
                    WIDTH="771"
                    HEIGHT="59">
            <Shape><Polygon POINTS="95 824 164 819 213 823 214 823 238 817 251 822 252 822 253 822 265 817 365 822 366 822 367 822 382 816 453 821 454 821 455 821 465 816 503 816 517 821 518 821 519 821 563 817 633 820 634 820 635 820 645 815 663 819 664 819 686 814 704 819 705 819 757 814 781 819 782 819 818 815 708 802 865 807 693 774 805 776 639 776 622 765 621 765 620 765 619 765 618 765 603 771 569 765 568 765 522 775 503 771 502 771 501 771 492 776 473 766 472 766 445 766 444 766 443 766 415 776 402 772 401 772 400 772 379 778 349 767 348 767 347 767 346 767 339 771 326 767 325 767 324 767 214 768 213 768 212 768 201 776 179 776 165 768 164 768 163 768 151 773 125 768 124 768 94 769 95 812"/></Shape>
            <String CONTENT="Et sacrifice à Dieu fut amené"
                    HPOS="94"
                    VPOS="765"
                    WIDTH="771"
                    HEIGHT="59"
                    ></String>
          </TextLine>
          <TextLine ID="eSc_line_380abc4a"
                    TAGREFS="LT8"
                    BASELINE="96 860 384 852 893 853" 
                    HPOS="95"
                    VPOS="813"
                    WIDTH="798"
                    HEIGHT="60">
            <Shape><Polygon POINTS="889 816 881 813 881 813 880 813 879 813 862 821 812 821 800 813 799 813 799 813 755 813 755 813 754 813 734 822 711 822 696 813 695 813 694 813 590 822 539 815 538 815 484 822 451 817 450 817 449 817 448 817 440 822 415 819 415 819 382 823 371 816 371 816 370 816 369 816 347 819 335 815 334 815 333 815 288 821 261 815 260 815 259 815 258 815 250 821 229 818 228 818 227 818 207 824 188 816 187 816 186 816 149 824 114 818 113 818 95 820 96 860 96 873 145 872 146 872 167 864 210 871 211 871 247 863 283 869 284 869 327 860 354 861 377 871 378 871 379 871 380 871 412 862 472 870 473 870 474 870 475 870 493 859 514 860 528 869 528 869 529 869 530 869 531 869 563 859 577 863 578 863 579 863 604 860 623 868 624 868 625 868 626 868 645 858 730 866 730 866 731 866 762 858 796 865 797 865 798 865 811 861 835 866 836 866 893 865 893 853 893 826 889 816"/></Shape>
            <String CONTENT="De bœufz, de veaux, mais tout bien demené"
                    HPOS="95"
                    VPOS="813"
                    WIDTH="798"
                    HEIGHT="60"
                    WC="0.9894812291576749"></String>
          </TextLine>
          <TextLine ID="eSc_line_e2c15cbc"
                    TAGREFS="LT8"
                    BASELINE="97 910 339 901 845 899" 
                    HPOS="97"
                    VPOS="858"
                    WIDTH="748"
                    HEIGHT="65">
            <Shape><Polygon POINTS="97 919 253 923 254 923 255 923 256 923 266 915 291 922 292 922 293 922 294 922 321 915 330 920 331 920 332 920 415 921 416 921 417 921 445 913 455 920 456 920 457 920 458 921 478 921 478 920 478 920 489 916 525 919 526 919 527 919 528 919 538 913 649 919 650 919 651 919 652 919 664 911 697 914 698 914 845 908 845 899 844 866 825 858 824 858 824 858 792 863 736 859 736 859 655 868 647 862 646 862 645 862 644 862 643 862 630 865 620 861 619 861 618 861 591 862 590 862 589 862 582 867 543 862 542 862 541 862 528 869 496 869 431 863 430 863 429 863 410 870 375 863 374 863 327 870 256 864 255 864 254 864 231 873 175 874 107 874 98 867 97 910 97 919"/></Shape>
            <String CONTENT="D’appaiſer Dieu: à Moyſe eſt impoſſible."
                    HPOS="97"
                    VPOS="858"
                    WIDTH="748"
                    HEIGHT="65"
                    WC="0.9748809948200132"></String>
          </TextLine>
          <TextLine ID="eSc_line_2520349e"
                    TAGREFS="LT8"
                    BASELINE="131 955 462 948 892 951" 
                    HPOS="130"
                    VPOS="910"
                    WIDTH="762"
                    HEIGHT="60">
            <Shape><Polygon POINTS="131 955 131 969 208 960 251 968 252 968 295 963 303 969 304 969 305 969 306 970 346 970 346 969 347 969 366 959 406 959 419 965 420 965 421 965 421 965 434 960 550 959 563 967 564 967 565 967 566 968 582 968 582 967 583 967 609 958 651 958 680 966 681 966 682 967 800 967 800 966 801 966 813 960 820 964 821 964 822 964 891 966 892 951 891 918 859 910 858 910 778 910 777 910 670 920 658 913 657 913 656 913 615 911 614 911 561 921 547 912 546 912 545 912 530 912 529 912 528 912 528 912 514 921 499 921 478 914 478 914 477 914 476 914 464 919 432 912 431 912 430 912 399 922 369 922 358 914 358 914 357 914 356 914 355 914 327 923 308 923 297 916 296 916 295 916 295 916 294 916 293 916 283 923 204 923 186 913 185 913 184 913 183 913 182 913 168 922 148 919 147 919 146 919 130 923 131 955"/></Shape>
            <String CONTENT="L’homme n’auoit en ſoy rien de poſſible,"
                    HPOS="130"
                    VPOS="910"
                    WIDTH="762"
                    HEIGHT="60"
                    WC="0.9932942390441895"></String>
          </TextLine>
          <TextLine ID="eSc_line_0389c9b6"
                    TAGREFS="LT8"
                    BASELINE="95 1003 359 997 679 997" 
                    HPOS="94"
                    VPOS="954"
                    WIDTH="585"
                    HEIGHT="63">
            <Shape><Polygon POINTS="95 1003 95 1010 154 1010 181 1017 182 1017 182 1017 183 1017 184 1017 194 1009 220 1009 228 1015 228 1016 229 1016 230 1016 231 1016 267 1010 278 1013 279 1013 280 1013 281 1013 282 1013 289 1008 316 1008 326 1013 327 1013 327 1013 328 1013 329 1013 341 1009 352 1014 352 1014 353 1014 382 1009 396 1013 396 1013 397 1013 398 1013 414 1007 435 1013 436 1013 437 1013 466 1007 478 1013 479 1013 480 1013 481 1013 502 1007 519 1013 520 1013 521 1013 678 1009 679 997 678 963 661 954 660 954 648 954 647 954 646 954 645 954 632 963 598 955 597 955 596 955 595 955 594 955 579 964 558 955 557 955 556 955 510 956 509 956 509 956 498 965 479 956 478 956 478 956 436 957 435 957 418 963 396 957 396 957 395 957 394 957 367 968 333 968 327 963 326 963 325 963 324 963 199 968 172 959 171 959 170 959 169 959 151 966 94 960 95 1003"/></Shape>
            <String CONTENT="Et ſon proces eſtoit ia fulminé,"
                    HPOS="94"
                    VPOS="954"
                    WIDTH="585"
                    HEIGHT="63"
                    WC="0.9951961293365016"></String>
          </TextLine>
          <TextLine ID="eSc_line_80dd7fb7"
                    TAGREFS="LT8"
                    BASELINE="95 1050 799 1043" 
                    HPOS="94"
                    VPOS="1003"
                    WIDTH="705"
                    HEIGHT="65">
            <Shape><Polygon POINTS="95 1050 95 1065 123 1062 159 1068 160 1068 296 1066 297 1066 298 1066 307 1060 330 1065 331 1065 371 1059 413 1063 414 1063 446 1057 465 1061 465 1061 466 1061 516 1057 528 1063 529 1063 530 1063 531 1063 542 1057 623 1055 643 1062 644 1062 645 1063 684 1063 684 1062 685 1062 686 1062 698 1054 798 1053 799 1043 797 1010 711 1003 710 1003 684 1004 683 1004 664 1013 644 1004 643 1004 642 1004 642 1004 619 1014 516 1014 502 1006 501 1006 500 1006 447 1006 446 1006 357 1017 333 1017 309 1007 308 1007 308 1007 307 1007 306 1007 293 1017 240 1017 218 1008 217 1008 216 1008 215 1008 214 1008 200 1018 178 1018 156 1009 155 1009 154 1009 94 1016 95 1050"/></Shape>
            <String CONTENT="Il luy faut donc Chriſt incontaminé "
                    HPOS="94"
                    VPOS="1003"
                    WIDTH="705"
                    HEIGHT="65"
                    WC="0.9849196720767666"></String>
          </TextLine>
          <TextLine ID="eSc_line_679b137e"
                    TAGREFS="LT8"
                    BASELINE="96 1100 809 1090" 
                    HPOS="94"
                    VPOS="1048"
                    WIDTH="714"
                    HEIGHT="73">
            <Shape><Polygon POINTS="95 1099 95 1113 182 1121 183 1121 362 1118 363 1118 390 1110 448 1117 450 1117 542 1107 807 1107 808 1088 807 1056 794 1048 793 1048 791 1048 720 1048 719 1048 718 1048 716 1048 702 1057 630 1050 628 1050 627 1050 609 1059 582 1051 580 1051 579 1051 517 1060 477 1052 476 1052 474 1052 448 1061 417 1054 416 1054 386 1054 385 1054 384 1054 382 1054 373 1061 314 1055 313 1055 270 1064 94 1059 95 1099"/></Shape>
            <String CONTENT="Pour rappaiſer l’ire de Dieu horrible?"
                    HPOS="94"
                    VPOS="1048"
                    WIDTH="714"
                    HEIGHT="73"
                    WC="0.9955695538144362"></String>
          </TextLine>
          <TextLine ID="eSc_line_a9f35563"
                    TAGREFS="LT8"
                    BASELINE="142 1147 578 1139 825 1140" 
                    HPOS="139"
                    VPOS="1096"
                    WIDTH="685"
                    HEIGHT="69">
            <Shape><Polygon POINTS="141 1145 141 1157 163 1165 247 1156 285 1156 301 1165 351 1165 367 1156 380 1164 456 1164 481 1153 539 1161 565 1152 623 1160 627 1160 636 1152 746 1157 822 1148 824 1139 820 1098 794 1104 778 1096 711 1098 650 1107 623 1099 486 1100 438 1109 428 1101 421 1101 410 1112 179 1113 160 1107 139 1114 141 1145"/></Shape>
            <String CONTENT="Au temps preueu du celeſte concile,"
                    HPOS="139"
                    VPOS="1096"
                    WIDTH="685"
                    HEIGHT="69"
                    WC="0.9880520582199097"></String>
          </TextLine>
          <TextLine ID="eSc_line_c548990c"
                    TAGREFS="LT8"
                    BASELINE="98 1195 490 1189 769 1189" 
                    HPOS="95"
                    VPOS="1143"
                    WIDTH="672"
                    HEIGHT="64">
            <Shape><Polygon POINTS="97 1193 97 1205 539 1207 767 1198 767 1143 716 1143 707 1151 694 1144 604 1153 566 1144 518 1154 481 1145 446 1154 410 1145 389 1156 366 1147 357 1157 306 1157 297 1147 217 1148 208 1157 144 1151 131 1157 117 1148 112 1148 95 1153 97 1193"/></Shape>
            <String CONTENT="En Beth-léem le filx de Dieu eſt né.!&#x27;"
                    HPOS="95"
                    VPOS="1143"
                    WIDTH="672"
                    HEIGHT="64"
                    WC="0.9748055025935173"></String>
          </TextLine>
          <TextLine ID="eSc_line_ef5efb82"
                    TAGREFS="LT8"
                    BASELINE="97 1242 895 1233" 
                    HPOS="96"
                    VPOS="1194"
                    WIDTH="799"
                    HEIGHT="65">
            <Shape><Polygon POINTS="97 1242 97 1252 166 1259 167 1259 194 1253 201 1258 202 1258 203 1258 204 1258 243 1254 253 1258 254 1258 255 1258 279 1254 314 1257 314 1257 315 1257 337 1251 414 1257 415 1257 472 1251 516 1255 517 1255 518 1255 539 1249 598 1254 598 1254 637 1248 731 1252 732 1252 761 1246 830 1251 830 1251 894 1247 895 1233 893 1194 849 1194 849 1194 848 1194 833 1201 821 1195 820 1195 819 1195 818 1195 795 1202 782 1195 781 1195 780 1195 780 1195 717 1195 716 1195 699 1201 667 1199 667 1199 666 1199 665 1199 652 1207 596 1207 579 1200 578 1200 577 1200 576 1200 557 1205 516 1197 515 1197 514 1197 513 1197 497 1208 481 1208 440 1198 440 1198 439 1198 388 1209 355 1208 336 1199 335 1199 334 1199 311 1201 310 1201 291 1210 207 1207 206 1207 174 1213 141 1213 96 1201 97 1242"/></Shape>
            <String CONTENT="Pour nous ſauuer l&#x27;enfant nous eſt donné:"
                    HPOS="96"
                    VPOS="1194"
                    WIDTH="799"
                    HEIGHT="65"
                    WC="0.9820792192504519"></String>
          </TextLine>
          <TextLine ID="eSc_line_60f3ff35"
                    TAGREFS="LT8"
                    BASELINE="98 1291 764 1287" 
                    HPOS="97"
                    VPOS="1245"
                    WIDTH="667"
                    HEIGHT="72">
            <Shape><Polygon POINTS="98 1291 99 1317 136 1307 229 1317 230 1317 311 1316 312 1316 326 1310 339 1315 339 1315 340 1315 341 1315 375 1305 421 1309 421 1309 422 1309 434 1305 446 1314 446 1314 447 1314 472 1315 472 1315 473 1315 509 1304 560 1304 572 1308 573 1308 574 1308 575 1308 576 1308 582 1303 630 1303 687 1314 688 1314 743 1308 762 1313 764 1287 762 1253 736 1253 725 1245 724 1245 723 1245 630 1245 629 1245 590 1251 575 1245 574 1245 541 1245 540 1245 497 1254 472 1246 471 1246 470 1246 469 1246 440 1254 385 1246 384 1246 384 1246 383 1246 372 1254 339 1247 339 1247 338 1247 321 1256 230 1256 141 1249 140 1249 139 1249 124 1254 116 1249 115 1249 114 1249 113 1249 113 1249 97 1256 98 1291"/></Shape>
            <String CONTENT="De luy tout ſeul noſtre ſalut diſtile."
                    HPOS="97"
                    VPOS="1245"
                    WIDTH="667"
                    HEIGHT="72"
                    WC="0.9822497305117155"></String>
          </TextLine>
        </TextBlock>
        <TextBlock HPOS="809"
                   VPOS="1290"
                   WIDTH="114"
                   HEIGHT="74"
                   ID="eSc_textblock_7797ed7a"
                   TAGREFS="BT17">
          <Shape><Polygon POINTS="825 1290 809 1364 923 1353 910 1290"/></Shape>
          <TextLine ID="eSc_line_574bb311"
                    TAGREFS="LT8"
                    BASELINE="838 1331 900 1331" 
                    HPOS="837"
                    VPOS="1289"
                    WIDTH="62"
                    HEIGHT="67">
            <Shape><Polygon POINTS="837 1330 837 1352 897 1356 899 1330 899 1298 837 1289 837 1330"/></Shape>
            <String CONTENT="Le"
                    HPOS="837"
                    VPOS="1289"
                    WIDTH="62"
                    HEIGHT="67"
                    WC="0.9998507797718048"></String>
          </TextLine>
        </TextBlock>
      </PrintSpace>
    </Page>
  </Layout>
</alto>
