954 1550
800 32 35 57 17

43 58 734 59 Le ſainct enfant( comme dit l’Euangile)

43 106 618 54 Dedans la creche il fut là recliné:

41 155 573 56 Humilié, pour nous & encliné:

43 201 649 59 Penſe à cela, & croy homme labile.

90 250 746 60 De ſon pur ſang pardon decoule & file,

44 302 640 55 Car c’eſt celuy que le Pere a ſigné,

40 347 612 57 Et des Adam par luy fut aſſigné

43 394 761 58 Pour ( par ſa mort) ſauuer & filz & fille.

45 442 628 57 Qui croyt cela, il eſt de la famille

41 489 675 56 De Ieſus Chriſt, & eſt de Dieu mené,

42 537 665 58 Et ſon peché luy eſt tout condonné

43 586 719 58 Et pardonné, par Foy tout eſt loyſible.

75 631 577 60 Il a briſé par ſon ſang le ſi gille

42 680 559 59 De peché qui eſtoyt enraciné

42 725 676 60 En noſtre chair, helas poure obſtiné

43 775 680 59 Viens à Ieſus, Foy t’apprent le ſtile.

42 821 756 63 Chante d’eſprit quand tu coux ou tu file,

40 874 607 55 Et note bien ce que i’ay ramené.

40 919 658 58 En la chanſon, ſ’il eſt bien retourné,

40 967 610 62 Et entendu, il t’eſt ſainct & vtile.

77 1059 758 63 Sur le chant, Tant que uiuray en eage floriſſant,

160 1109 537 62 Ie ſeruiray le Dieu d’amours, &c.

118 1200 641 63 AAnt que viuray en eage floriſſant,

126 1250 676 79 Ie ſeruiray le Seigneur tout puiſſant

65 1190 48 122 I

642 1311 31 53 B
