956 1553
765 22 53 56 10

43 51 614 60 Qui de priſon t’a mis en liberté.

41 100 605 57 Vn Ioſué t’eſt bien toſt ſuruenu:

47 149 646 59 Tu as Dauid qui pour toy a vaincu,

42 197 565 57 Le Goliad, qui tant t’a moleſté:

42 241 339 60 C'eſt Ieſus Chriſt,

39 293 312 56 Dont tant eſcrit

43 342 231 54 Ont Daniel

40 388 190 56 Ezechiel,

42 433 178 55 Et Eſaie,

37 482 229 52 Et Ieremie,

39 529 558 54 Le filz de Dieu verbe Eternel.

81 579 693 55 Il a pour moy tout ſon ſang eſpandu,

39 624 527 54 Crucitie ſur le bois eſtendu:

37 671 617 55 Par les Iuifz il eſt mort innocent.

39 723 595 50 Sa dure mort a Satan confondu

35 768 606 55 E dechaſſé, la mort a conuaincu:

38 816 796 57 Au lieu de mort grace & bien nous en viẽt

37 867 326 55 C’eſt le Seigneur

37 916 346 55 De tout honneur,

37 957 218 57 Il eſt là ſus

38 1007 251 56 Ce Roy Ieſus

37 1059 264 48 Auec le Pere,

39 1103 313 58 Auquel i’eſpere,

38 1146 659 61 Là giſt ma Foy de mieux en mieux.

60 1196 718 62 En ſon pur ſang a purgé noz pechez:

40 1245 639 83 Et noz langueurs y ont eſté lauez:

602 1295 103 70 B 2
