928 1543
97 38 43 46 20

108 73 793 70 Par luy plaiſant deuãt Dieu l'hõme eſt faict

114 126 606 51 Tous ſes eleuz y ſont mondifiez,

111 169 588 63 Qui en luy ſeul ſe ſont glorifiez

110 219 787 69 Croyans par Foy, que luy ſeul eſt parfaict:

109 270 403 54 L'Agneau ſans tache,

108 312 281 57 Mis à l'eſtache,

108 366 279 52 Pour nettoyer

107 414 224 53 Et enuoyer

106 457 295 54 Auſſi demettre,

108 506 360 50 Comme le maiſtre,

108 552 557 55 Le vieil Adam, qui fait pecher.

154 601 743 53 Mon doux Ieſus, à toy requiers pardon:

108 649 791 55 A ioinctes mains, par Foy, & non par don.

107 697 791 54 Le cueur fait tout enuers toy pardonner:

108 746 631 55 Ie ne l'attens par cire ne par don,

105 787 779 60 Ne par bien faict: car il n'eſt que chardon.

108 841 789 67 Gloire i'attens de toy au parc d'honneur,

103 889 334 53 Rien par merites,

102 936 321 54 En ces hermites,

102 982 344 57 Dieu voyt la Foy,

102 1033 266 53 En qui ie croy

102 1074 367 60 Bon Roy de gloire,

104 1126 351 59 Lequel i'honnore,

105 1173 522 77 Oys l'oraiſon, que fais à toy.

818 1200 91 102 Sur
