968 1555
791 44 42 38 41

57 252 72 64 C

95 70 757 69 Sur le premier. Pſalme de Dauid qui ſe chanté

149 124 468 63 comme, D’ont uient cela, &c.

115 213 734 56 Vmbien ſera l’homme fidele heureux,

141 263 702 55 Qui n’eſt allé au conſeil ny aux rancs

56 312 612 56 Et n’a ſiſté auec les mal-heureux,

56 359 792 65 Ainſi qu’ont faict pluſieurs docteurs errans,

59 409 709 58 Qui ſe ſont miz au ranc des ignorans,

57 452 611 62 Et aſſis ſur leur chaire peſtilente,

56 506 623 57 Pour impugner la verité patente.

91 552 551 56 Certes celuy qui a ſa volonté

59 597 638 56 Miſe à garder la Loy du Createur,

57 646 603 58 Et nuict & iour en elle a medité,

58 693 700 55 Eſt bien heureux: car il a pour docteur

59 742 698 52 L’Eſprit de Dieu, qui le fait ſeruateur

57 788 634 57 De ceſte Loy, à la chair impoſſible,

60 835 789 64 Qui au croyãt par Chriſt faict eſt poſſible.

58 887 626 47 Celuy ſera comme l’arbre planté,

55 933 735 57 Aupres du cours de argentins ruiſſeaux.

59 979 708 59 Qui en ſon temps fera fruict à planté:

57 1028 714 60 Ia ſes fueilles, n’auſſi ſes verts rameaux

58 1079 747 59 Ne tomberont ne par vents ne par eaux!

57 1124 700 54 Car le tout tient à l’arbre & ſa racine.

57 1168 579 57 C’eſt à Ieſus, auſſi à ſa doctrine.

56 1218 680 63 Ainſi ne font qui de mal ſont enflez,

57 1268 638 73 Mais en pouldre ſeront abilement,

592 1317 48 62 B
