933 1546
103 58 48 34 22

71 75 776 63 Deuant la face au Seigneur Dieu ſoufflez:

73 125 677 57 C’eſt à ſauoir, menez à damnement,

72 173 674 58 Sans faire tort à nul, mais iuſtement:

75 219 687 60 Car le Seigneur peut denier ſa grace,

77 265 705 64 A qui luy plaiſt, & demonſtrer ſa face.

130 314 684 58 Les reprouuez point ne conſiſteront

79 361 710 60 Auec les bons, au conſeil des croyantz,

79 407 797 61 Mais comme gens meſchans banniz ſeront,

77 457 740 60 Et miz au feu comme chiens abboyantz

77 501 790 66 Raiſon pourquoytilz ſont tous deſuoyãtz

80 553 762 59 Du Seigneur Dieu, & n’ont en luy fiance,

83 601 734 59 Mais en leurs faictz & feinte penitence.

119 645 744 64 Car le Seigneur cõgnoiſt qui eſt des ſiẽs

81 697 626 58 Et des iuſtes approuue le chemin:

82 740 766 64 Les meſcroyans ſont pires que les chiens,

82 796 576 52 Et leur chemin perira en la fin,

82 839 690 58 Et leurs docteurs iront tous à declin,

83 886 658 59 Et ſeront miz à mort par la parolle

83 930 743 62 De leſus Chriſt, qui le croyant conſolle.

116 979 767 62 Mon Dieu à toy ie rẽdz gloire & hõneur

83 1028 682 58 A Chriſt auſsi ton bien aymé enfant,

83 1074 780 64 Lequel pour vray eſt faict mon moyẽneur

83 1125 776 56 Pour mon malheur, cela le cueur me fend.

83 1171 664 63 Autre ſalut que par luy me defend:

83 1217 798 62 Grace & pardon à ioinctes mains demãde,

83 1267 717 72 Recteur du ciel, à toy me recommande.
