976 1555
816 43 26 41 23

64 108 114 117 Q

53 69 796 61 Sur le chant, Quand me ſouuient dela poulaille &c.

161 119 608 58 Vand me ſouuient de l'Euangile

197 161 649 72 Que ſouloys preſcher ſur les chãps,

57 212 544 56 Eſtant chaſſé de ville en ville,

59 260 558 57 Et deſpriſé de gens meſchans,

63 312 698 57 Tant de bourgeoys que de marchans:

57 358 531 55 Ie m'eſiouys en Ieſus Chriſt,

60 404 622 52 Au Nom duquel ie faiz mes chans

58 445 543 64 Par la vertu du ſainct Eſprit.

87 501 584 56 Maintenant ſuis en priſon vile:

58 548 578 56 Iambes & piedz en fers peſans:

64 593 567 60 Mais i'ay l'Eſprit clair & agile

67 645 599 57 Quoy qu'en diſent les mediſans,

68 692 598 56 Auant qu'il ſoyt iamais dix ans,

69 740 575 58 S'il plait à Dieu, qui tout regit,

67 787 558 58 I'en ſortiray maugré les gens

68 835 539 56 Par la vertu du ſainct Eſprit.

101 875 618 68 Le ſang humain eſt moult fertile

69 927 506 61 Par Ieſus Chriſt fructifiant,

73 978 530 56 Donques ma mort ſera vtile

71 1024 505 60 Le Nom de Dieu glorifiant

70 1073 496 60 Et mon prochain edifiant:

72 1125 574 55 En me voyant par foy contrit,

77 1170 427 58 Ie ſuis icy en m'y fiant

76 1216 538 63 Par la vertu du ſainct Eſprit.

108 1258 590 74 Prince duquel tout bien diſtile,

615 1310 110 79 B 4
