934 1548
137 41 40 36 24

92 495 43 106 I

93 70 533 57 Autre que toy ie ne pretens,

96 119 642 52 Tu m'as mis hors par ton concile.

89 165 652 57 A ioinctes mains graces t'en rends:

90 216 530 53 A te ſeruir ie prens les rancs,

92 262 549 55 Car de tes mains nul ne perit,

89 309 586 54 Grace & pardon de toy i'attens

85 356 538 56 Par la vertu du ſainct Eſprit.

82 428 795 70 Sur le chant, Ie my repens de uous auoir aymée, &c.

133 496 739 61 E vous eſcriz ma ſeur tresbien aymée,

143 547 264 52 Vne chanſon,

79 588 800 63 Comme ſainct Simeon  .ii. fois

77 640 617 58 Receut Ieſus au temple Salomon.

79 691 269 53 Or la chantez

75 738 440 54 De voix bien accordée,

121 784 742 59 Quand Simeon tenoit Ieſus au Temple

73 833 283 54 Entre ſes bras,

70 878 391 58 Il diſoit:maintenant

70 928 673 59 Mon Dieu tu es ton ſeruiteur tenant

66 976 298 58 En bonne paix,

66 1025 441 57 Selon ta parolle ample.

95 1072 770 62 Car mes deux yeux ontveu ton Salutaire

67 1118 365 57 C'eſt Ieſus Chriſt

60 1169 414 53 De nous tant attendu,

60 1215 582 64 Et deſiré, or eſt il en temps deu

61 1266 249 60 Venu à nous

729 1320 119 61 Pour
