939 1547
128 27 40 40 26

79 56 278 56 Et pour obiect

86 105 338 53 De contradiction,

85 154 540 54 Phariſiens meſchante nation

88 201 269 51 Contrediront

89 244 391 63 A ſa ſaincte doctrine.

92 297 718 58 Or maintenant tu voys la Prophetie

91 347 227 49 De Simeon

92 395 447 54 Accomplie en ce temps:

98 443 757 57 Quand ton ſalut, grace & pardon attens

94 489 337 53 D’vn autre chriſt;

96 534 450 64 Certes c’eſt grand folie.

227 629 546 61 Sur le chant, Qui la dira la douleur

389 684 224 48 de mon cueur.

202 727 652 55 Vi la dira la douleur de mon cueur,

215 772 678 60 Et le ſoucy que pour mõ peché porter

98 824 795 56 Ie ne ſouſtiens qu’ennuy, peine & douleur.

98 874 795 52 Et ſi n’ay nul (mon Dieu)qui me conforte.

109 920 780 57 O Seigneur dieu, qui metz dehors d’eſmoy

102 967 640 54 Tes ſeruiteurs, par ta miſericorde,

100 1013 691 57 Ton plaiſir ſoit auoir mercy de moy;

97 1062 700 58 Par mon peché i’ay deſſeruy la corde.

133 1110 529 54 Efface donc toute l’iniquité

108 1158 683 56 Qui eſt en moy en grande multitude

106 1208 613 50 Ie ne vaux rien, car ie ſuis vanité,

113 1253 741 72 Et à faire mal i’ay miz tout mon eſtnde.

101 721 97 116 Q
