945 1554
746 44 40 48 27

86 72 678 62 Par mon peché ie ſuis deuant toy vil

54 126 715 58 Or laue moy de plus en plus par grace,

54 174 716 47 Car ſans l’auoir tout homme eſt inutil,

52 216 672 61 Et deſplaiſant deuant ta ſaincte face.

92 265 744 61 Tous mes pechez ie confeſſe & cõgnoys

51 311 648 61 En general, ie delaiſſe les branches,

51 365 735 55 Car ie ne ſuis comme bien i’apperceoys,

50 407 787 62 Rien que peché, ne mes volontez franches.

87 456 626 61 I’ay deſſeruy Seigneur & merité,

50 507 583 58 De ſouſtenir punition expreſſe,

50 554 717 57 Faitz moy pardon, lors vaincra verité,

53 596 789 63 L’hõme n’eſt rien, mais à toy ie m’adreſſe.

105 644 737 63 L’hommie eſt à mal par ſa nature enclin:

50 696 590 59 Adam luy a laiſſé ceſt heritage,

49 741 775 64 Mais toy Seigneur par ton regard bening

49 790 656 60 L’en as oſté & miz hors de ſeruage.

79 840 638 57 I’eſpere auſsi que tu m’arrouſeras

50 884 714 60 De l’eau de grace, & en nouuelle ſorte

51 934 681 59 Mon ame plus que neige blanchiras,

52 982 699 58 Tant ſoyt tenante, ou la macule forte.

87 1030 591 57 Lors ie ſeray par telle ablution

45 1073 723 65 TTout conſolé, quand i’orray de l’ouye,

46 1126 569 57 De tes pechez tu as remiſsion:

46 1172 560 59 Iamais ne fut telle lieſſe ouye.

94 1219 708 60 Ie laiſſe là donc tous les pardonneurs,

47 1263 784 76 De toy tout ſeul i’attendz pardõ, mõ Sire
