958 1554
804 48 24 32 29

76 69 790 65 Non point par moy, mais par tõ bõvouloir

76 124 636 54 Par mon peché ie me ſuis diuerty,

76 164 787 63 Sans toy mon Dieu ie ne peux rien valoir.

122 214 681 58 Dieu dit ainſi aux pecheurs diuertiz

76 260 743 62 Qui ont laiſſé ton grand & ſeur chemin:

75 311 570 57 Miſerables, ſi n'eſtes conuertiz,

79 357 580 55 Vous ires tous en enfer à la fin.

109 406 753 59 Ses dars aiguz ſont vaiſſeaux de la mort,

75 452 603 62 Sés ſaiettes ont le fer moult agu

75 505 743 54 Aux obſtinez pecheurs, pour ſon renfort

76 552 609 56 Il traict en ire, en fureur & argu.

103 601 759 54 Poures pecheur craignons les iugemens

74 646 788 57 Du Seigneur Dieu, & obſeruons ſa Loy,

74 694 794 57 Non ſeulement de peur des griefz tormẽs,

76 741 665 59 Mais par amour, par charité & Foy.

104 789 690 58 Commandemens il a donne treſdoux

76 834 669 60 A ſes enfans, pour les faire en eſprit.

74 881 652 59 Il eſt le pere, & le frere, & l'eſpoux.

74 929 692 62 Seruons à luy, & laiſſons l'Antechriſt.

74 1020 684 71 Sur le chant, Si de bon cueur uous ayme, &c.

146 1112 456 70 I de bon cueur ne t'ayme

142 1166 573 73 Mon Seigneur i'ay grand tort,

77 1222 480 54 Tu t'es donné toy-meſme

70 1272 479 67 Pour me garder de mort,

86 1192 61 34 S
