<?xml version="1.0" encoding="UTF-8"?>
<alto xmlns:xsi="http://www.w3.org/2001/XMLSchema-instance"
      xmlns="http://www.loc.gov/standards/alto/ns-v4#"
      xsi:schemaLocation="http://www.loc.gov/standards/alto/ns-v4# http://www.loc.gov/standards/alto/v4/alto-4-2.xsd">
  <Description>
    <MeasurementUnit>pixel</MeasurementUnit>
    <sourceImageInformation>
      <fileName>35_6db52_default.jpg</fileName>
      <fileIdentifier>https://iiif.onb.ac.at/images/ABO/Z182216708/00000036/full/full/0/default.jpg</fileIdentifier>
    </sourceImageInformation>
  </Description>
  <Tags>
    <OtherTag ID="BT7" LABEL="CustomZone" DESCRIPTION="block type CustomZone"/><OtherTag ID="BT8" LABEL="DamageZone" DESCRIPTION="block type DamageZone"/><OtherTag ID="BT9" LABEL="DigitizationArtefactZone" DESCRIPTION="block type DigitizationArtefactZone"/><OtherTag ID="BT10" LABEL="DropCapitalZone" DESCRIPTION="block type DropCapitalZone"/><OtherTag ID="BT11" LABEL="GraphicZone" DESCRIPTION="block type GraphicZone"/><OtherTag ID="BT12" LABEL="MainZone" DESCRIPTION="block type MainZone"/><OtherTag ID="BT13" LABEL="MarginTextZone" DESCRIPTION="block type MarginTextZone"/><OtherTag ID="BT14" LABEL="MusicZone" DESCRIPTION="block type MusicZone"/><OtherTag ID="BT15" LABEL="NumberingZone" DESCRIPTION="block type NumberingZone"/><OtherTag ID="BT17" LABEL="QuireMarksZone" DESCRIPTION="block type QuireMarksZone"/><OtherTag ID="BT18" LABEL="RunningTitleZone" DESCRIPTION="block type RunningTitleZone"/><OtherTag ID="BT19" LABEL="SealZone" DESCRIPTION="block type SealZone"/><OtherTag ID="BT20" LABEL="StampZone" DESCRIPTION="block type StampZone"/><OtherTag ID="BT21" LABEL="TableZone" DESCRIPTION="block type TableZone"/><OtherTag ID="BT22" LABEL="TitlePageZone" DESCRIPTION="block type TitlePageZone"/>
    <OtherTag ID="LT7" LABEL="CustomLine" DESCRIPTION="line type CustomLine"/><OtherTag ID="LT8" LABEL="DefaultLine" DESCRIPTION="line type DefaultLine"/><OtherTag ID="LT9" LABEL="DropCapitalLine" DESCRIPTION="line type DropCapitalLine"/><OtherTag ID="LT10" LABEL="HeadingLine" DESCRIPTION="line type HeadingLine"/><OtherTag ID="LT11" LABEL="InterlinearLine" DESCRIPTION="line type InterlinearLine"/><OtherTag ID="LT12" LABEL="MusicLine" DESCRIPTION="line type MusicLine"/><OtherTag ID="LT1074" LABEL="default" DESCRIPTION="line type default"/>
  </Tags>
  <Layout>
    <Page WIDTH="936"
          HEIGHT="1545"
          PHYSICAL_IMG_NR="35"
          ID="eSc_dummypage_">
      <PrintSpace HPOS="0"
                  VPOS="0"
                  WIDTH="936"
                  HEIGHT="1545">
        <TextBlock HPOS="105"
                   VPOS="22"
                   WIDTH="80"
                   HEIGHT="54"
                   ID="eSc_textblock_62f571f6"
                   TAGREFS="BT15">
          <Shape><Polygon POINTS="105 22 105 76 185 76 185 22"/></Shape>
          <TextLine ID="eSc_line_30142127"
                    TAGREFS="LT8"
                    BASELINE="123 56 175 58" 
                    HPOS="121"
                    VPOS="12"
                    WIDTH="53"
                    HEIGHT="67">
            <Shape><Polygon POINTS="122 55 121 72 143 79 144 79 145 79 146 79 172 68 174 57 174 12 122 14 122 55"/></Shape>
            <String CONTENT="7"
                    HPOS="121"
                    VPOS="12"
                    WIDTH="53"
                    HEIGHT="67"
                    WC="0.9984225034713745"></String>
          </TextLine>
        </TextBlock>
        <TextBlock HPOS="110"
                   VPOS="193"
                   WIDTH="75"
                   HEIGHT="107"
                   ID="eSc_textblock_624379a9"
                   TAGREFS="BT10">
          <Shape><Polygon POINTS="110 193 110 300 185 300 185 193"/></Shape>
          <TextLine ID="eSc_line_9369f859"
                    TAGREFS="LT9"
                    BASELINE="121 285 167 285" 
                    HPOS="119"
                    VPOS="195"
                    WIDTH="47"
                    HEIGHT="107">
            <Shape><Polygon POINTS="119 296 165 302 166 284 166 195 119 195 119 284"/></Shape>
            <String CONTENT="F"
                    HPOS="119"
                    VPOS="195"
                    WIDTH="47"
                    HEIGHT="107"
                    WC="0.9860464930534363"></String>
          </TextLine>
        </TextBlock>
        <TextBlock HPOS="58"
                   VPOS="58"
                   WIDTH="824"
                   HEIGHT="1258"
                   ID="eSc_textblock_2de8822f"
                   TAGREFS="BT12">
          <Shape><Polygon POINTS="76 68 58 1316 658 1316 840 989 882 58"/></Shape>
          <TextLine ID="eSc_line_ba2e328b"
                    TAGREFS="LT10"
                    BASELINE="158 94 864 97" 
                    HPOS="157"
                    VPOS="56"
                    WIDTH="707"
                    HEIGHT="64">
            <Shape><Polygon POINTS="861 72 852 70 844 67 835 65 832 67 782 67 777 64 775 64 766 64 758 64 749 63 741 63 740 63 736 66 709 65 706 63 706 63 698 63 689 63 680 63 672 62 663 62 659 62 655 62 646 62 638 62 632 62 629 62 620 62 614 62 610 66 540 65 533 61 526 61 517 60 509 60 505 60 493 63 480 60 474 60 466 60 457 60 449 60 440 60 431 60 423 60 414 60 406 60 397 60 388 60 380 60 376 60 369 65 307 62 302 59 294 59 285 58 277 58 268 58 260 58 251 58 243 58 234 58 225 58 224 58 212 65 193 65 180 56 179 56 178 56 177 56 176 56 158 63 158 94 157 110 190 109 225 114 226 114 227 114 228 114 237 109 285 109 294 113 295 113 296 113 297 113 309 109 335 118 336 118 337 118 338 118 339 118 352 109 359 115 360 115 361 115 362 115 400 110 420 115 421 115 422 115 423 115 424 115 432 109 455 109 474 118 474 118 511 119 512 119 513 119 539 110 559 116 559 116 560 116 587 110 605 119 606 119 708 120 709 120 710 120 711 120 724 111 747 120 747 120 748 120 749 120 778 111 805 118 806 118 831 119 832 119 832 119 833 119 844 111 863 115 864 97 861 72 861 72"/></Shape>
            <String CONTENT="Sur le chant, Faictes ſil uous plaiſt uoſtre au¬"
                    HPOS="157"
                    VPOS="56"
                    WIDTH="707"
                    HEIGHT="64"
                    WC="0.9707454480230808"></String>
          </TextLine>
          <TextLine ID="eSc_line_7e888195"
                    TAGREFS="LT10"
                    BASELINE="220 145 335 143" 
                    HPOS="218"
                    VPOS="106"
                    WIDTH="117"
                    HEIGHT="63">
            <Shape><Polygon POINTS="220 158 238 158 253 169 254 169 255 169 293 169 294 169 295 169 295 168 306 157 334 162 335 143 334 116 276 106 275 106 274 106 273 106 261 116 235 109 234 109 233 109 232 109 231 109 218 115 220 145"/></Shape>
            <String CONTENT="moſne."
                    HPOS="218"
                    VPOS="106"
                    WIDTH="117"
                    HEIGHT="63"
                    WC="0.986455629269282"></String>
          </TextLine>
          <TextLine ID="eSc_line_ee59db96"
                    TAGREFS="LT8"
                    BASELINE="170 238 834 240" 
                    HPOS="170"
                    VPOS="198"
                    WIDTH="664"
                    HEIGHT="60">
            <Shape><Polygon POINTS="823 210 786 210 776 203 771 203 762 202 753 201 745 201 736 201 728 201 720 201 705 209 693 203 692 203 692 203 691 203 690 203 681 210 619 210 594 199 590 199 587 199 575 207 554 199 547 199 539 199 530 199 522 199 513 199 504 199 496 199 487 199 468 206 446 199 444 199 439 198 398 204 382 199 382 199 381 199 380 199 352 209 311 209 297 198 297 198 296 198 260 198 259 198 258 198 257 198 243 209 216 209 204 200 203 200 202 200 201 200 200 200 182 206 171 200 170 238 170 250 193 250 207 257 208 257 209 258 237 258 237 257 237 257 238 257 248 250 276 254 277 254 323 250 341 257 342 257 343 258 372 258 372 257 373 257 374 257 382 250 419 257 420 258 455 258 455 257 455 257 475 250 502 258 503 258 504 258 504 258 520 254 571 255 572 255 573 255 574 255 580 251 643 256 644 256 678 251 688 255 689 255 690 255 731 253 739 258 740 258 741 258 741 258 811 252 832 256 834 240 829 216 823 210"/></Shape>
            <String CONTENT="Ay ſ’il te plaiſt ta ſaincte aumoſne"
                    HPOS="170"
                    VPOS="198"
                    WIDTH="664"
                    HEIGHT="60"
                    WC="0.9705717083480623"></String>
          </TextLine>
          <TextLine ID="eSc_line_f8683d45"
                    TAGREFS="LT8"
                    BASELINE="180 285 764 287" 
                    HPOS="177"
                    VPOS="251"
                    WIDTH="586"
                    HEIGHT="55">
            <Shape><Polygon POINTS="179 284 177 297 251 298 260 306 261 306 263 306 264 306 308 297 377 305 379 305 380 305 408 298 468 306 469 306 470 306 487 297 495 305 496 305 497 305 498 305 500 305 526 298 578 306 580 306 581 306 611 297 663 297 728 306 729 306 731 306 761 296 763 285 760 251 179 253 179 284"/></Shape>
            <String CONTENT="A ce pecheur qui n’a plus rien,"
                    HPOS="177"
                    VPOS="251"
                    WIDTH="586"
                    HEIGHT="55"
                    WC="0.9716189984352358"></String>
          </TextLine>
          <TextLine ID="eSc_line_7092f25d"
                    TAGREFS="LT8"
                    BASELINE="109 334 749 334" 
                    HPOS="109"
                    VPOS="299"
                    WIDTH="640"
                    HEIGHT="52">
            <Shape><Polygon POINTS="109 334 109 345 197 351 198 351 285 345 300 351 301 351 302 351 303 351 316 345 356 351 357 351 420 345 450 351 451 351 452 351 466 347 532 351 533 351 565 345 639 345 649 351 650 351 650 351 684 345 695 351 696 351 697 351 698 351 698 351 699 351 711 345 749 345 749 334 749 309 584 299 583 299 583 299 582 299 566 309 553 309 520 306 510 299 510 299 509 299 476 299 475 299 474 299 474 299 460 309 432 309 394 299 393 299 392 299 391 299 375 308 325 308 308 302 307 302 306 302 216 309 204 301 203 301 202 301 201 301 156 309 137 299 136 299 109 299 109 334"/></Shape>
            <String CONTENT="Et qui ne trouue en ſoy nul bien"
                    HPOS="109"
                    VPOS="299"
                    WIDTH="640"
                    HEIGHT="52"
                    WC="0.9736101757735014"></String>
          </TextLine>
          <TextLine ID="eSc_line_cfcf2c5b"
                    TAGREFS="LT8"
                    BASELINE="105 383 771 383" 
                    HPOS="105"
                    VPOS="345"
                    WIDTH="666"
                    HEIGHT="56">
            <Shape><Polygon POINTS="105 383 105 394 148 400 149 400 150 400 164 394 182 399 182 399 183 399 184 399 185 399 192 393 262 393 294 400 295 400 365 393 416 394 423 400 424 400 425 400 425 401 512 401 512 400 547 393 588 400 589 400 589 400 601 396 662 399 663 399 664 399 674 394 683 400 684 400 685 400 686 401 717 401 717 400 771 394 771 383 771 346 739 345 738 345 737 345 736 345 723 354 682 349 681 349 651 354 621 345 620 345 607 345 606 345 605 345 604 345 589 354 568 345 567 345 566 345 565 345 534 355 501 355 492 347 491 347 490 347 489 347 488 347 487 347 475 355 452 355 428 345 427 345 426 345 354 345 353 345 352 345 340 355 289 355 251 345 250 345 249 345 249 345 248 345 234 353 223 346 222 346 221 346 201 346 200 346 200 346 199 346 188 355 160 355 138 345 137 345 136 345 105 350 105 383"/></Shape>
            <String CONTENT="Mon Dieu, c’eſt toy que ie ſermone."
                    HPOS="105"
                    VPOS="345"
                    WIDTH="666"
                    HEIGHT="56"
                    WC="0.9841641817774092"></String>
          </TextLine>
          <TextLine ID="eSc_line_7c410a15"
                    TAGREFS="LT8"
                    BASELINE="150 431 639 431" 
                    HPOS="150"
                    VPOS="395"
                    WIDTH="489"
                    HEIGHT="54">
            <Shape><Polygon POINTS="150 431 150 442 199 448 200 449 243 449 243 448 243 448 255 442 309 442 315 448 315 448 316 448 316 448 317 448 360 442 388 448 388 448 433 442 478 448 479 448 520 442 539 448 540 448 540 448 541 448 556 442 577 448 578 448 579 448 614 443 638 447 639 431 639 405 559 395 559 395 488 404 470 398 469 398 468 398 468 398 467 398 458 403 450 399 449 399 449 399 422 404 413 396 412 396 411 396 410 396 409 396 388 404 376 399 375 399 374 399 338 404 306 399 305 399 304 399 294 404 267 395 267 395 266 395 265 395 250 403 237 398 237 398 236 398 235 398 223 405 203 405 189 395 188 395 188 395 187 395 150 395 150 431"/></Shape>
            <String CONTENT="Tu me regis en ta paſture,"
                    HPOS="150"
                    VPOS="395"
                    WIDTH="489"
                    HEIGHT="54"
                    WC="0.9802250541173495"></String>
          </TextLine>
          <TextLine ID="eSc_line_5f50d9bc"
                    TAGREFS="LT8"
                    BASELINE="109 478 708 478" 
                    HPOS="109"
                    VPOS="443"
                    WIDTH="599"
                    HEIGHT="52">
            <Shape><Polygon POINTS="109 478 109 488 121 494 121 494 122 494 123 494 136 488 161 488 168 493 168 494 169 494 170 494 170 494 218 488 279 488 288 492 289 492 290 492 291 492 291 492 297 488 347 495 348 495 349 495 370 488 412 493 413 493 413 493 425 490 432 495 433 495 434 495 435 495 512 490 560 495 561 495 607 490 612 495 613 495 613 495 614 495 615 495 632 488 669 493 670 493 671 493 672 493 680 488 707 488 708 478 706 453 637 449 625 443 624 443 603 443 602 443 601 443 601 443 591 452 577 448 576 448 575 448 553 452 421 451 412 444 411 444 410 444 409 444 408 444 407 444 401 449 336 446 335 446 305 452 264 443 263 443 262 443 239 452 216 445 215 445 214 445 213 445 201 452 192 443 191 443 190 443 189 443 109 443 109 478"/></Shape>
            <String CONTENT="Tellement que rien ne m’y faut:"
                    HPOS="109"
                    VPOS="443"
                    WIDTH="599"
                    HEIGHT="52"
                    WC="0.9978122961136603"></String>
          </TextLine>
          <TextLine ID="eSc_line_7676d9b1"
                    TAGREFS="LT8"
                    BASELINE="100 527 743 526 822 529" 
                    HPOS="99"
                    VPOS="488"
                    WIDTH="723"
                    HEIGHT="57">
            <Shape><Polygon POINTS="100 527 100 541 163 545 164 545 164 545 165 545 173 539 234 545 235 545 236 545 252 538 297 538 425 545 425 545 453 539 508 543 509 543 553 538 577 544 577 544 578 544 612 538 650 542 650 542 651 542 662 537 730 537 743 543 744 543 745 543 789 539 821 544 822 529 821 498 767 488 695 488 694 488 693 488 685 492 662 488 662 488 661 488 631 498 547 498 520 489 519 489 518 489 471 499 385 499 364 489 364 489 363 489 362 489 330 499 314 499 300 489 299 489 298 489 297 489 255 496 166 489 165 489 136 496 120 489 119 489 118 489 99 491 100 527"/></Shape>
            <String CONTENT="Sans ton ſainct pain mon cueur defaut,"
                    HPOS="99"
                    VPOS="488"
                    WIDTH="723"
                    HEIGHT="57"
                    WC="0.9784824879545915"></String>
          </TextLine>
          <TextLine ID="eSc_line_9d2ee8d1"
                    TAGREFS="LT8"
                    BASELINE="99 577 308 573 770 576" 
                    HPOS="98"
                    VPOS="538"
                    WIDTH="672"
                    HEIGHT="55">
            <Shape><Polygon POINTS="99 577 98 587 155 591 156 591 157 591 158 591 165 586 189 592 190 592 191 592 192 592 193 592 202 585 224 591 225 591 226 591 227 591 245 586 257 592 258 592 259 592 260 592 261 592 270 585 283 585 303 592 304 592 305 592 306 592 307 592 317 585 387 585 405 592 406 592 407 592 456 586 498 593 498 593 526 588 545 593 546 593 547 593 547 593 565 587 606 593 607 593 607 593 625 586 642 592 643 592 644 592 644 592 657 586 685 586 711 593 712 593 713 593 769 593 770 576 769 547 710 539 709 539 708 539 693 545 680 539 680 539 679 539 653 544 618 539 617 539 616 539 601 547 577 547 567 539 566 539 565 539 538 539 537 539 536 539 522 546 495 541 494 541 493 541 483 546 413 542 413 542 354 545 343 541 342 541 341 541 340 541 325 545 300 539 299 539 278 539 277 539 276 539 275 539 267 546 142 546 131 538 130 538 129 538 128 538 99 545 99 577"/></Shape>
            <String CONTENT="De m’en donner prens donc la cure,"
                    HPOS="98"
                    VPOS="538"
                    WIDTH="672"
                    HEIGHT="55"
                    WC="0.9916451240287107"></String>
          </TextLine>
          <TextLine ID="eSc_line_da2ac11b"
                    TAGREFS="LT8"
                    BASELINE="150 623 717 621" 
                    HPOS="149"
                    VPOS="587"
                    WIDTH="568"
                    HEIGHT="51">
            <Shape><Polygon POINTS="150 623 150 631 218 638 219 638 265 631 282 636 283 636 284 636 329 631 459 636 460 636 461 636 475 630 504 630 516 636 516 636 517 636 518 636 531 630 577 637 577 637 717 636 717 621 716 594 644 593 637 587 637 587 636 587 635 587 634 587 431 595 393 595 382 587 382 587 381 587 380 587 341 594 309 593 301 587 300 587 299 587 298 587 297 587 281 594 243 587 243 587 242 587 216 595 204 595 195 587 194 587 194 587 193 587 149 587 150 623"/></Shape>
            <String CONTENT="Tu me nourris en ton herbage"
                    HPOS="149"
                    VPOS="587"
                    WIDTH="568"
                    HEIGHT="51"
                    WC="0.9952006638050079"></String>
          </TextLine>
          <TextLine ID="eSc_line_c78f1289"
                    TAGREFS="LT8"
                    BASELINE="96 672 641 669" 
                    HPOS="95"
                    VPOS="629"
                    WIDTH="546"
                    HEIGHT="57">
            <Shape><Polygon POINTS="96 672 96 679 113 686 114 686 115 686 168 680 215 686 216 686 276 679 316 685 317 685 318 685 336 679 370 679 385 685 386 685 387 685 388 685 401 679 408 684 409 684 410 684 411 684 412 684 413 684 421 679 456 684 457 684 477 680 483 684 484 684 485 684 486 684 516 679 533 684 534 684 534 684 570 679 595 684 596 684 641 682 641 669 638 636 616 636 606 629 605 629 604 629 603 629 602 629 575 636 546 629 545 629 544 629 543 629 524 636 518 630 518 630 517 630 516 630 516 630 486 633 479 629 478 629 477 629 476 629 475 629 461 634 413 630 413 630 412 630 411 630 411 630 403 638 394 638 384 630 383 630 382 630 382 630 381 630 362 637 332 630 331 630 330 630 273 638 235 631 234 631 233 631 215 638 199 632 198 632 197 632 196 632 172 639 133 639 113 630 112 630 111 630 110 630 95 634 96 672"/></Shape>
            <String CONTENT="Par ta parolle &amp; ſainct eſcrit,"
                    HPOS="95"
                    VPOS="629"
                    WIDTH="546"
                    HEIGHT="57"
                    WC="0.9969317970737335"></String>
          </TextLine>
          <TextLine ID="eSc_line_79a90fc3"
                    TAGREFS="LT8"
                    BASELINE="100 718 668 717" 
                    HPOS="99"
                    VPOS="679"
                    WIDTH="569"
                    HEIGHT="54">
            <Shape><Polygon POINTS="100 718 100 726 132 732 133 732 133 732 158 725 195 733 196 733 233 725 313 725 330 731 331 731 332 731 333 731 350 725 370 733 371 733 372 733 389 733 389 733 390 733 391 733 401 725 421 733 422 733 423 733 443 733 443 733 444 733 445 733 457 725 519 731 520 731 551 726 559 732 559 733 559 733 560 733 561 733 668 727 668 717 667 688 630 688 619 679 618 679 617 679 519 679 518 679 478 688 437 688 417 679 416 679 415 679 414 679 413 679 413 680 404 689 385 689 358 680 358 680 357 680 356 680 337 688 303 679 303 679 302 679 301 679 284 689 219 689 202 679 201 679 200 679 200 679 199 679 188 689 169 689 154 688 144 679 143 679 142 679 115 679 115 679 114 679 99 685 100 718"/></Shape>
            <String CONTENT="Sire donne moy donc l’eſprit"
                    HPOS="99"
                    VPOS="679"
                    WIDTH="569"
                    HEIGHT="54"
                    WC="0.9950407317706517"></String>
          </TextLine>
          <TextLine ID="eSc_line_e6f5616f"
                    TAGREFS="LT8"
                    BASELINE="99 767 618 765" 
                    HPOS="98"
                    VPOS="731"
                    WIDTH="520"
                    HEIGHT="53">
            <Shape><Polygon POINTS="99 767 99 779 124 781 125 781 126 781 127 781 127 781 133 775 153 782 154 782 155 782 156 782 157 782 166 775 194 775 208 783 209 783 210 783 211 784 237 784 237 783 237 783 263 775 308 783 309 783 309 783 328 775 338 783 339 783 340 783 340 783 341 783 364 774 446 774 457 782 458 782 459 782 460 782 461 782 461 782 476 774 494 782 495 782 496 782 525 778 540 782 541 782 542 782 583 778 591 782 592 782 593 782 594 782 618 773 618 765 615 737 483 738 467 733 466 733 465 733 412 733 411 733 410 733 404 738 358 734 357 734 356 734 355 734 351 739 340 734 339 734 338 734 321 738 312 731 311 731 310 731 270 731 269 731 268 731 254 739 245 733 244 733 243 733 243 733 206 738 189 731 188 731 158 731 158 731 157 731 141 738 133 731 133 731 132 731 131 731 98 734 99 767"/></Shape>
            <String CONTENT="De la gouſter en ce voyage."
                    HPOS="98"
                    VPOS="731"
                    WIDTH="520"
                    HEIGHT="53"
                    WC="0.9792447708271168"></String>
          </TextLine>
          <TextLine ID="eSc_line_6a6e9914"
                    TAGREFS="LT8"
                    BASELINE="131 815 622 811" 
                    HPOS="130"
                    VPOS="776"
                    WIDTH="492"
                    HEIGHT="56">
            <Shape><Polygon POINTS="131 815 131 824 145 830 146 830 147 830 185 825 202 832 203 832 204 832 205 832 224 822 254 822 324 822 342 831 343 831 344 832 376 832 376 831 376 831 377 831 377 830 383 826 388 830 389 830 390 830 391 830 392 830 393 830 393 829 402 821 430 821 439 830 439 830 440 830 441 830 442 830 443 830 457 823 468 830 468 830 469 830 470 830 510 824 531 830 532 830 533 830 603 830 603 830 604 830 605 830 613 823 620 824 622 811 620 786 594 780 593 780 592 780 580 785 522 781 522 781 457 786 445 776 444 776 443 776 443 776 389 777 388 777 366 787 326 787 315 777 314 777 313 777 312 777 311 777 310 777 299 787 272 785 262 777 261 777 261 777 260 777 259 777 258 777 243 787 218 786 211 779 211 778 210 778 209 778 139 778 139 778 138 778 130 781 131 815"/></Shape>
            <String CONTENT="Helas tu es guide propice"
                    HPOS="130"
                    VPOS="776"
                    WIDTH="492"
                    HEIGHT="56"
                    WC="0.9893178033828736"></String>
          </TextLine>
          <TextLine ID="eSc_line_fc882a2c"
                    TAGREFS="LT8"
                    BASELINE="90 863 276 860 667 860" 
                    HPOS="89"
                    VPOS="825"
                    WIDTH="578"
                    HEIGHT="48">
            <Shape><Polygon POINTS="90 863 90 872 665 873 667 860 666 833 639 833 632 827 631 827 630 827 629 827 608 831 601 826 601 825 601 825 600 825 567 825 566 825 565 825 565 825 553 834 522 834 502 825 501 825 484 825 483 825 482 825 481 825 471 833 431 832 419 825 418 825 392 825 391 825 390 825 389 825 376 834 322 834 299 825 298 825 297 825 297 825 273 833 261 829 261 829 260 829 259 829 258 829 250 833 201 831 196 826 195 826 194 826 194 826 193 826 173 834 130 834 121 825 120 825 119 825 118 825 89 827 90 863"/></Shape>
            <String CONTENT="Pour me mener droict en Sion:"
                    HPOS="89"
                    VPOS="825"
                    WIDTH="578"
                    HEIGHT="48"
                    WC="0.9900212781182651"></String>
          </TextLine>
          <TextLine ID="eSc_line_3f1da291"
                    TAGREFS="LT8"
                    BASELINE="95 909 619 909" 
                    HPOS="95"
                    VPOS="872"
                    WIDTH="524"
                    HEIGHT="53">
            <Shape><Polygon POINTS="95 909 95 919 101 924 102 924 103 924 103 924 104 924 129 918 159 924 160 924 161 924 176 918 217 922 218 922 218 922 226 918 230 922 230 923 231 923 232 923 233 923 234 923 235 923 243 918 276 918 282 923 282 924 283 924 284 924 285 925 311 925 311 924 312 924 313 924 321 918 344 918 354 924 355 924 356 924 357 925 382 925 382 924 382 924 383 924 383 923 389 919 396 924 397 924 398 924 399 924 442 920 492 924 492 924 493 924 505 918 618 922 619 909 619 883 576 878 575 878 574 878 558 882 547 872 547 872 546 872 545 872 520 872 519 872 518 872 517 872 501 882 485 878 484 878 483 878 482 878 469 881 455 873 454 873 453 873 452 873 451 873 451 874 444 880 404 882 382 872 381 872 380 872 379 872 358 882 351 876 350 876 349 876 348 876 347 876 328 881 284 872 283 872 241 880 222 872 221 872 203 872 202 872 201 872 200 872 190 879 184 874 183 874 182 874 182 874 181 874 180 874 168 882 142 872 141 872 95 872 95 909"/></Shape>
            <String CONTENT="Tu es la vigne, &amp; moy Sion,"
                    HPOS="95"
                    VPOS="872"
                    WIDTH="524"
                    HEIGHT="53"
                    WC="0.9984566856313635"></String>
          </TextLine>
          <TextLine ID="eSc_line_ef094a83"
                    TAGREFS="LT8"
                    BASELINE="90 957 612 956" 
                    HPOS="89"
                    VPOS="918"
                    WIDTH="523"
                    HEIGHT="55">
            <Shape><Polygon POINTS="90 957 90 967 103 973 104 973 105 973 106 973 121 967 151 973 152 973 153 973 154 973 164 967 232 973 233 973 234 973 235 973 244 967 315 967 349 973 350 973 351 973 373 966 425 972 425 973 526 973 526 972 527 972 543 967 548 971 548 972 549 972 550 972 551 973 571 973 571 972 611 965 612 956 610 928 562 928 532 918 531 918 514 918 513 918 512 918 495 927 462 921 461 921 461 921 447 927 431 920 431 920 430 920 429 920 428 920 428 921 420 928 386 928 355 918 354 918 353 918 352 918 339 924 334 920 334 919 334 919 333 919 313 919 312 919 311 919 310 919 301 927 285 920 284 920 283 920 282 920 281 920 267 929 211 929 204 924 203 924 202 924 201 924 180 928 170 920 170 919 169 919 168 919 167 919 128 920 127 920 127 920 127 920 123 923 115 919 115 919 114 919 113 919 89 919 90 957"/></Shape>
            <String CONTENT="Ie ſuis peché, &amp; toy Iuſtice."
                    HPOS="89"
                    VPOS="918"
                    WIDTH="523"
                    HEIGHT="55"
                    WC="0.9804908176263173"></String>
          </TextLine>
          <TextLine ID="eSc_line_f8e7fefc"
                    TAGREFS="LT8"
                    BASELINE="125 1003 735 1006" 
                    HPOS="125"
                    VPOS="967"
                    WIDTH="610"
                    HEIGHT="55">
            <Shape><Polygon POINTS="125 1003 125 1017 277 1013 388 1020 389 1020 418 1014 449 1014 462 1021 463 1021 464 1021 465 1021 480 1017 528 1021 529 1021 530 1021 543 1016 588 1022 589 1022 589 1022 607 1016 655 1016 680 1022 680 1022 681 1022 682 1022 683 1022 690 1017 734 1022 735 1006 735 977 719 970 718 970 717 970 646 977 626 971 626 971 625 971 624 971 623 971 616 977 600 972 599 972 598 972 597 972 585 977 577 970 577 969 577 969 576 969 575 969 574 969 559 976 545 969 544 969 543 969 542 969 541 969 532 977 494 977 480 970 479 970 478 970 450 976 430 969 429 969 428 969 385 976 297 976 286 971 285 971 285 971 284 971 283 971 277 975 260 975 249 968 249 968 248 968 247 968 201 975 192 968 191 968 190 968 125 967 125 1003"/></Shape>
            <String CONTENT="S’il aduient que Satan m’enuerſe,"
                    HPOS="125"
                    VPOS="967"
                    WIDTH="610"
                    HEIGHT="55"
                    WC="0.9739023754090974"></String>
          </TextLine>
          <TextLine ID="eSc_line_710b61b3"
                    TAGREFS="LT8"
                    BASELINE="91 1053 686 1053" 
                    HPOS="91"
                    VPOS="1016"
                    WIDTH="595"
                    HEIGHT="51">
            <Shape><Polygon POINTS="91 1053 91 1060 104 1066 105 1066 106 1066 174 1061 324 1061 336 1066 337 1066 338 1066 339 1066 356 1061 392 1061 399 1066 400 1066 401 1066 401 1067 435 1067 435 1066 436 1066 437 1066 443 1061 455 1066 456 1066 457 1066 458 1066 472 1061 513 1066 514 1066 515 1066 527 1061 577 1066 578 1066 686 1064 686 1053 686 1026 619 1023 607 1016 607 1016 606 1016 574 1016 573 1016 572 1016 558 1022 531 1016 530 1016 529 1016 528 1016 528 1017 519 1024 474 1019 473 1019 472 1019 459 1025 408 1021 407 1021 407 1021 397 1026 332 1026 317 1017 316 1017 316 1017 315 1017 244 1023 230 1017 230 1017 229 1017 228 1017 227 1017 213 1026 150 1026 135 1016 134 1016 133 1016 91 1016 91 1053"/></Shape>
            <String CONTENT="Tu me receois entre tes mains:"
                    HPOS="91"
                    VPOS="1016"
                    WIDTH="595"
                    HEIGHT="51"
                    WC="0.9929937342802684"></String>
          </TextLine>
          <TextLine ID="eSc_line_5f34ed27"
                    TAGREFS="LT8"
                    BASELINE="84 1102 279 1099 730 1101" 
                    HPOS="83"
                    VPOS="1061"
                    WIDTH="647"
                    HEIGHT="59">
            <Shape><Polygon POINTS="84 1102 83 1110 96 1116 97 1116 97 1116 98 1116 122 1110 137 1117 138 1117 139 1117 139 1117 155 1110 288 1110 303 1119 304 1119 305 1119 306 1119 358 1110 369 1119 370 1119 370 1119 371 1120 400 1120 400 1119 401 1119 418 1110 442 1119 443 1119 443 1120 493 1120 493 1119 494 1119 495 1119 504 1114 552 1119 553 1119 592 1111 639 1119 640 1119 664 1114 706 1119 707 1119 708 1119 729 1113 730 1101 729 1066 662 1061 662 1061 661 1061 660 1061 645 1071 602 1071 595 1066 595 1066 594 1066 593 1066 592 1066 576 1070 557 1061 556 1061 555 1061 554 1061 526 1070 498 1061 497 1061 496 1061 495 1061 494 1061 485 1069 464 1066 463 1066 462 1066 445 1070 413 1061 413 1061 412 1061 330 1070 318 1061 317 1061 316 1061 285 1061 285 1061 284 1061 262 1070 245 1061 244 1061 220 1061 219 1061 218 1061 201 1071 137 1071 118 1061 117 1061 116 1061 84 1064 84 1102"/></Shape>
            <String CONTENT="Et me ſouſtiens, Roy des humains:"
                    HPOS="83"
                    VPOS="1061"
                    WIDTH="647"
                    HEIGHT="59"
                    WC="0.9710431189248057"></String>
          </TextLine>
          <TextLine ID="eSc_line_32b57a08"
                    TAGREFS="LT8"
                    BASELINE="81 1150 652 1148" 
                    HPOS="80"
                    VPOS="1110"
                    WIDTH="572"
                    HEIGHT="55">
            <Shape><Polygon POINTS="81 1150 81 1165 121 1158 136 1163 137 1163 138 1163 139 1163 150 1158 164 1164 165 1164 166 1165 204 1165 204 1164 205 1164 218 1158 231 1163 232 1163 233 1163 234 1163 244 1158 256 1163 257 1163 258 1163 259 1163 268 1158 356 1158 396 1163 397 1163 398 1163 409 1157 425 1163 426 1163 427 1163 428 1163 443 1157 455 1163 455 1163 456 1164 508 1164 508 1163 542 1157 548 1163 549 1163 550 1163 551 1163 568 1159 585 1163 586 1163 587 1163 588 1163 598 1158 604 1163 605 1163 606 1163 607 1164 632 1164 632 1163 632 1163 652 1157 652 1148 651 1120 630 1114 629 1114 628 1114 627 1114 626 1114 623 1117 614 1110 613 1110 613 1110 587 1110 586 1110 585 1110 584 1110 584 1111 574 1120 394 1116 393 1116 364 1120 350 1111 349 1111 348 1111 347 1111 346 1111 330 1116 304 1114 303 1114 303 1114 302 1114 297 1120 280 1111 279 1111 250 1111 249 1111 249 1111 212 1120 194 1120 180 1111 179 1111 178 1111 96 1111 95 1111 94 1111 80 1118 81 1150"/></Shape>
            <String CONTENT="D’eſprit auec toy ie conuerſe"
                    HPOS="80"
                    VPOS="1110"
                    WIDTH="572"
                    HEIGHT="55"
                    WC="0.9924580105419817"></String>
          </TextLine>
          <TextLine ID="eSc_line_9ed2a751"
                    TAGREFS="LT8"
                    BASELINE="81 1196 667 1198" 
                    HPOS="81"
                    VPOS="1156"
                    WIDTH="586"
                    HEIGHT="57">
            <Shape><Polygon POINTS="81 1196 81 1206 164 1205 174 1211 175 1211 176 1211 176 1212 230 1212 230 1211 257 1205 277 1211 278 1211 279 1211 321 1205 374 1212 375 1213 402 1213 402 1212 403 1212 404 1212 412 1207 429 1211 430 1211 431 1211 431 1211 449 1206 473 1212 474 1212 474 1212 536 1206 567 1206 580 1212 581 1212 582 1212 624 1211 625 1211 635 1206 665 1210 667 1198 666 1169 617 1169 606 1158 605 1158 604 1158 603 1158 580 1163 569 1157 568 1157 567 1157 566 1157 508 1157 507 1157 506 1157 492 1169 438 1169 420 1161 419 1161 419 1161 383 1168 368 1160 367 1160 366 1160 331 1167 318 1156 317 1156 316 1156 245 1156 244 1156 243 1156 243 1156 235 1162 215 1156 214 1156 213 1156 212 1156 212 1156 193 1168 165 1168 147 1156 146 1156 145 1156 145 1156 144 1156 143 1156 143 1157 131 1167 95 1160 94 1160 93 1160 81 1164 81 1196"/></Shape>
            <String CONTENT="Ie ſuis faict fort par ta doctrine,"
                    HPOS="81"
                    VPOS="1156"
                    WIDTH="586"
                    HEIGHT="57"
                    WC="0.9779602766036988"></String>
          </TextLine>
          <TextLine ID="eSc_line_b8444655"
                    TAGREFS="LT8"
                    BASELINE="82 1245 662 1243" 
                    HPOS="81"
                    VPOS="1207"
                    WIDTH="581"
                    HEIGHT="53">
            <Shape><Polygon POINTS="82 1245 83 1260 101 1254 129 1260 130 1260 131 1260 132 1260 132 1259 139 1254 165 1260 166 1260 230 1260 230 1260 231 1260 252 1254 312 1254 319 1258 320 1258 321 1258 322 1258 356 1254 370 1260 370 1260 371 1260 372 1260 388 1253 415 1259 416 1259 417 1259 418 1259 426 1254 436 1259 437 1259 437 1259 467 1254 483 1259 484 1259 485 1259 486 1259 509 1253 530 1259 531 1259 532 1259 602 1254 650 1259 650 1259 651 1259 662 1254 662 1243 661 1216 549 1216 539 1207 538 1207 537 1207 521 1207 520 1207 519 1207 518 1207 518 1208 510 1215 491 1207 490 1207 474 1207 474 1207 473 1207 472 1207 461 1215 447 1207 446 1207 408 1207 407 1207 407 1207 392 1215 373 1207 372 1207 371 1207 370 1207 354 1216 326 1208 325 1208 297 1208 297 1208 296 1208 276 1216 253 1210 252 1210 251 1210 250 1210 249 1210 249 1211 243 1216 215 1211 214 1211 213 1211 212 1211 205 1216 170 1210 170 1210 169 1210 168 1210 159 1217 131 1217 115 1208 114 1208 113 1208 81 1211 82 1245"/></Shape>
            <String CONTENT="Par ta parolle &amp; ſainct ſermon:"
                    HPOS="81"
                    VPOS="1207"
                    WIDTH="581"
                    HEIGHT="53"
                    WC="0.989673089596533"></String>
          </TextLine>
          <TextLine ID="eSc_line_15fe845e"
                    TAGREFS="LT8"
                    BASELINE="77 1294 605 1292" 
                    HPOS="74"
                    VPOS="1247"
                    WIDTH="530"
                    HEIGHT="77">
            <Shape><Polygon POINTS="76 1293 76 1324 186 1322 201 1310 250 1319 264 1309 394 1309 437 1323 604 1314 600 1259 556 1259 527 1247 504 1257 479 1247 451 1256 424 1247 412 1257 360 1259 337 1247 270 1248 260 1259 244 1248 239 1248 215 1260 179 1251 143 1260 101 1248 74 1257 76 1293"/></Shape>
            <String CONTENT="INe ma deffence es le baſton."
                    HPOS="74"
                    VPOS="1247"
                    WIDTH="530"
                    HEIGHT="77"
                    WC="0.9777516589082521"></String>
          </TextLine>
        </TextBlock>
        <TextBlock HPOS="755"
                   VPOS="1303"
                   WIDTH="153"
                   HEIGHT="71"
                   ID="eSc_textblock_abd683b4"
                   TAGREFS="BT17">
          <Shape><Polygon POINTS="755 1303 755 1374 908 1374 908 1303"/></Shape>
          <TextLine ID="eSc_line_980fd24e"
                    TAGREFS="LT8"
                    BASELINE="772 1345 893 1345" 
                    HPOS="772"
                    VPOS="1308"
                    WIDTH="121"
                    HEIGHT="55">
            <Shape><Polygon POINTS="887 1322 874 1322 863 1313 863 1313 862 1313 861 1313 860 1313 845 1316 801 1308 800 1308 783 1309 782 1309 781 1309 781 1310 778 1312 772 1328 772 1345 772 1362 893 1363 893 1345 892 1336 887 1322"/></Shape>
            <String CONTENT="Pour"
                    HPOS="772"
                    VPOS="1308"
                    WIDTH="121"
                    HEIGHT="55"
                    WC="0.9962960034608841"></String>
          </TextLine>
        </TextBlock>
      </PrintSpace>
    </Page>
  </Layout>
</alto>
