936 1542
154 3 49 63 34

129 41 722 67 Quant eſt de nous, nous ſommes d'ire,

132 93 685 63 Vrays filz d'Adam, remplis d'erreur,

129 144 581 59 Et vn chaſcun de nous pecheur,

131 190 460 57 La verité le me fait dire.

165 237 507 59 Ieſus ton filz noſtre prelat,

132 285 533 60 Noſtre frere, noſtre aduocat,

132 332 508 59 En la croix a eu la victoire:

133 382 509 56 Contre Satan:& le combat,

135 430 501 60 Or, par ce vertueux debat,

137 473 736 66 L'homme eſt mis en honneur & gloire.

171 520 554 60 L'amour de luy l'a faict venir,

142 571 500 56 Voyre ſans noſtre deſeruir

140 622 524 53 Meritoire, mais par ſa grace,

139 664 552 59 Bien il nous en doit ſouuenir:

140 711 544 60 Et recorder iuſqu'au mourir:

144 757 693 65 L'ingrat me deſplaiſt, quoy qu'il face.

186 807 566 60 Si pour Chriſt auons du ſoucy,

141 856 585 53 De nous n'en a pas moins auſſi:

143 900 651 61 Amour le vous doit faire entendre:

144 948 601 61 Mais ſ'il vous grieue d'eſtre ainſi

142 1000 592 55 Demandez luy de cueur mercy:

146 1047 709 70 Tout vient à poinct qui peut attendre.

849 1070 69 99 Sur
