945 1555
751 32 48 49 15

57 194 83 107 G

42 62 808 64 Sur le chait, Grace & uertu. bonté &c. Ou ſur.

86 107 614 64 Ie my repens de uous auoir aymée &c.

137 198 676 62 Race & vertu, bonté, beauté, nobleſſe

147 244 686 73 Eſt en mõ Dieu, point ne le faut celer,

56 293 741 64 Trop me deſplaiſt d’en ouyr mal parler;

50 343 744 60 Ie hais celuy qui ſon honneur luy bleſſe.

83 389 731 64 En mes chanſons ſon Nom ie magnifie;

50 437 657 57 Car c’eſt le filz de Dieu le Createur:

49 487 674 58 Et croy qu’il eſt mon ſeul mediateur,

48 533 623 52 Et aduocar, heureux eſt qui ſ'y fie.

71 580 754 63 Quãd ſõ ſainct Nõ doucemẽt i’inuoquoye

51 632 734 54 Mes ennemi: pour me mettre en eſmoy

48 676 686 57 Diſoyent ainſi, il eſt bien loing de toy

48 724 668 55 Point ne t’y fie, or ainſi ie chantoye.

82 772 634 57 Voicy le temps de ſa miſericorde:

46 818 607 57 Il aura donc de moy compaſſion:

44 863 577 60 I'eſpere avoir de luy remiſſion,

44 913 591 56 Pardon auſſi, verité ſ’y accorde.

71 959 756 59 Mon doux Ieſus, i’ay faict cry lamentable

44 1009 743 57 De profond cueur à toy, tu le congnois,

43 1058 636 52 Il eſt en toy Sire exaucer ma voix:

49 1104 613 52 Tu ſeras donc à ton ſerf amiable.

84 1148 707 64 Helas Seigneur, ſi obſeruer mes voyes

38 1198 625 57 En iugement voulois, & les punir,

38 1248 684 65 Qui les pourroit porter ne ſouſtenirt

609 1296 96 55 C 2
