926 1540
131 1 46 65 36

86 45 810 64 De tes doux chãtz n’orriõs iamais les ioyes.

122 95 774 60 Mais pour autant que tu es tout propice

98 142 539 59 Enſemble auſſi propiciation,

100 189 620 58 En toy i’ay mis mon expectation,

100 233 655 63 Ne me puniz point ſelon ta iuſtice.

143 283 702 59 Fié me ſuis en ton verbe & promeſſe,

105 330 684 61 Car tu es tel, qui ne pourrois mentir:

102 377 656 62 De ceſt eſpoir ne me peux repentir,

104 422 666 64 Et m’y firay à tout iamais ſans ceſſe.

142 472 659 62 Le chreſtien ayant la congnoiſſance

113 521 592 56 Du Redempteur, & ſa benignité

112 567 569 60 Iuſqu’à la mort, des ſa natiuité

115 616 745 57 Doit mettre en luy toute ſon eſperance.

148 659 568 58 Miſericorde il a en abondance

124 710 773 50 Qu'il n’eſt pecheur, n’homme tant vicieux,

120 757 778 53 Ne tant mauuais, ſoit hõme ieune ou vieux

123 804 678 57 Oui de peché n’y trouue deliurance.

151 852 747 60 Puis qu’il peut donc toute faute remettre

124 896 588 58 Croyans qu’il a faict ſatiſfaction

122 944 596 58 De noz pechez, en ſa ſubmiſſion

128 994 770 54 Treshumblemẽt mes freres nous faut mettre.

159 1041 739 57 O mõ Seigneur, tu es le Chriſt tresdigne

124 1089 633 54 D’eſtre en Sion deſſus tous adoré.

124 1137 699 55 Il t’appartient, ton Nom ſoit honnoré

126 1185 775 59 De nous treſtous, en cantiques & hymne.

838 1233 61 68 Sui
