946 1554
750 51 66 90 27

46 177 104 98 M

82 81 664 65 Sur le chant, Celle qui m'a tant pourmené.

159 179 554 61 On Dieu que i’ay tant attendu

159 225 487 65 A eu pitie de ma langueur,

50 272 471 57 Le filz de luy qui eſt venu

48 321 473 57 Icy eſt noſtre protecteur,

48 367 574 56 Noſtre aduocat, noſtre recteur,

50 416 597 60 Gouuernant tout par ſa parolle,

50 463 527 55 Renouuellant auſſi le cueur:

54 509 599 59 Dont il m’eſt aduis que ie volle.

92 558 565 58 Il eſt venu, mais en temps deu,

55 604 560 58 Et ſ’eſt monſtré eſtre Sauueur,

56 653 550 55 Car ſon Pere auoit l'arc tendu

56 700 523 55 Pour tous tuer en ſa fureur,

54 746 535 60 Chriſt fut de paix mediateur,

56 797 510 51 Comme l’eſcriture recolle:

55 842 625 55 Lequel ſouffrit pour nous douleur

54 889 585 56 Dont il m’eſt aduis que ie volle.

95 937 578 58 Pour nous ſon ſang a reſpandu

57 984 639 55 En là croix, comme vn malfaicteur:

57 1032 520 56 Et tout le cas bien entendu,

59 1078 520 60 A ſatiſfaict pour le pecheur,

63 1124 641 64 Tellement qu'il n'eſt plus debteur.

63 1171 441 60 Car il a effacéile rolle¬

63 1219 461 63 Et l’obligé du crediteur:

63 1268 587 65 Dont il m’eſt aduis que ie volle.

581 1315 114 74 C 3
