949 1552
820 45 38 48 38

157 82 527 55 Par Foy Satan eſt confondu,

121 131 610 54 Non point pour eſtre operateur.

120 180 514 52 Paradis ne nous eſt vendu,

123 225 583 55 Mais eſt donné par le Seigneur.

123 273 499 54 La Foy te fait obſeruateur

119 318 593 54 Des mandemens de ſon eſchole,

123 367 543 57 Ou enſeigne le vray docteur.

119 412 594 57 Dont il m'eſt aduis que ie volle.

158 458 610 59 Tout bien de Chriſt eſt deſcendu,

115 508 518 55 Il eſt de tout bien largiteur:

119 558 591 52 Pour nous en croix il fut pendu,

118 605 579 55 Ce que ne fut iamais preſcheur,

116 650 575 54 Ne ſainct martir, ne confeſſeur,

116 694 650 59 C'eſt Ieſus Chriſt qui nous conſolle,

119 744 636 55 Qui nous ſauue & met en lieu ſeur,

115 791 593 59 Dont il m'eſt aduis que ie volle.

115 879 795 66 Autre chanſon, en laquelle le pecheur ſe complaint à

145 931 762 59 Dieu, en luy demandant ſecours des aſſauz que

143 979 750 60 luy fait le Diable, ſur le chant. De mon triſte &

144 1025 164 61 deſplaiſir.

202 1076 509 57 Es aſſaux que Satan me fait

204 1121 629 64 A toy mon Dieu ie my complains,

106 1167 580 66 Sans grace auoir ie ſuis deffait,

104 1214 659 68 Ses aſſaux ſont plus qu'inhumains,

106 1266 296 78 Entre ſes mains

111 1081 85 92 D

778 1318 119 61 Souf¬
