960 1550
774 24 38 48 47

69 53 638 61 Chanter chanſons d'yurongnerie,

71 105 646 55 Controuuées au grand deshonneur

71 149 716 61 Du Seigneur Dieu, qui tout congnoiſt:

71 198 565 55 Combien que belle couuerture

75 246 498 56 De bien, & ſaincteté y ſoit.

78 293 710 57 Ce qu eſt ſans Foy n'eſt rien qu'ordure.

106 341 606 59 Impoſſible eſt, quoy qu'on te die,

75 390 623 53 Sans Foy plaire à noſtre Sauueur:

75 435 545 55 Beau parler, & meſchante vie

77 483 570 56 En ce ne prent-il point ſaueur:

79 534 576 51 Comment bien ie te prouueray

76 577 665 56 Par ſainct Mathieu en ſon ſeptieſme:

76 626 537 56 Pourtant ie te demonſtreray

81 673 782 58 Ou pour chãter prendras ton teſme. .ii. fois

109 721 569 56 Enſuis par tout la droicte voye

81 767 589 58 Ieſus Chriſt noſtre redempteur,

87 815 566 55 En luy mettant toute ta ioye:

87 864 594 56 De volupté ſois contempteur,

85 912 567 53 Du monde & de ſes vanitez:

90 956 629 56 Tes chanſons ſoyent ſpirituelles:

88 1004 638 55 De ſaincte Eſcriture extraictes,

89 1051 786 56 Delaiſſant ces chanſons charnelles. .ii. fois

137 1099 548 55 Lis au quatorſieſme chapite

95 1148 572 52 La premiere aux Corinthiens,

96 1197 737 50 Ou ſainct Paul vrayement nous monſtre

93 1242 690 74 Comme doyuent les vrays chreſtiens
