931 1544
151 14 66 43 48

120 50 538 58 Preſcher, prier, chanter auſſi.

124 99 548 57 Tout ſoit en voix intelligible,

120 147 565 58 De cueur, d'eſprit en ſens raſſi,

120 193 787 60 Dont fruict à tous ſoit perceptible. .ii. fois

148 244 619 54 Ie chanteray donc de ma bouche,

116 291 669 53 Mais de cueur bien plus ardemment,

117 337 717 60 Par l'Eſprit de Dieu quand me touche:

113 388 545 52 Ie ne le pourroye autrement,

111 433 477 55 Par ainſi Dieu ie loueray,

111 480 500 56 Au grand proffit & edifice

111 529 596 56 De mon prochain, & l'inſtruiray

109 568 785 67 A louer Dieu en ſon office. .ii. fois

138 622 647 56 N'aurons nous qu'vne fois l'année,

107 670 545 56 Ou deux memoire ſeulement

104 718 506 55 De la grace qu'il a donnée

102 765 554 55 A nous, ſur leſquelz purement

100 812 423 53 En vn eſtable il eſt né?

97 856 688 60 Pour nous a ſouffert mort horrible,

94 910 492 51 En ce monde ſi mal mené:

94 951 792 62 Penſons y tant qu'il eſt poſſible. .ii. fois

139 1001 646 59 Tant que nous ſerons en ce monde

89 1048 658 58 Si chreſtiens ſommes, en noz cueurs

90 1096 626 57 Porter deuons l'amour profonde

89 1143 623 62 De ce bon Chriſt, & ſes langueurs,

90 1191 382 55 Sa vie & ſa natiuité:

90 1239 505 72 C'eſt le miroir de patience:

840 1291 42 63 Il
