951 1555
804 49 39 50 49

37 69 452 55 Il eſt mort & reſſuſcité:

35 107 823 78 Monte au ciel par ſa puiſſance. .ii. fois

86 163 717 63 Or chantons donc touſiours louanges

38 210 562 53 A noſtre bon Pere des cieux,

32 255 633 64 Diſans de cueur apres les Anges,

32 302 755 66 Gloire au Seigneur aux treſ-hautz lieux:

38 353 569 56 Qui de la mort nous a tiré

30 399 559 60 Par Ieſus qui a faict la guerre

31 448 490 58 Contre Satan, ſ'eſt retiré

33 493 796 65 Auec nous faiſant paix en terre. .ii. fois

78 545 636 61 Mais gardons nous d'ingratitude:

37 590 526 60 Qui eſt deſplaiſante à leſus,

31 640 585 58 Pour laquelle grand multitude

31 687 520 56 D'Iſrael furent confonduz.

31 734 611 59 Pour la Loy de Dieu contemner:

31 784 607 58 N'entrerent point en celle terre,

35 831 608 57 Combien plus ſont à condamner

41 873 791 67 Qui en Ieſus ne veulent croyre? .ii. fois

82 926 662 57 Tombons treſtous deſſus noz faces:

36 973 573 60 Et de grand cueur remercions

40 1017 638 65 Ce bon Pere de ces grandz graces,

40 1069 493 57 Leſquelles publier deuons:

44 1114 364 59 Afin de le glorifier.

44 1160 783 64 Preſchons touſiours ſes grandz merueilles

46 1210 468 59 En l'oyant philoſophier:

46 1259 777 81 De cueur plns fort que des aureilles. .ii. fois

658 1314 30 65 D
