957 1545
112 9 51 73 50

110 196 47 105 I

162 52 740 67 Priſe du commancement du 5. chap. d'Eſaie, ſur

215 97 593 67 le chant, Demeurée ſuis ſeule eſgarée.

155 198 506 56 E chanteray à voix hauſée,

166 242 669 68 Puis que ne crains plus les malheurs,

115 295 607 56 La chanſon que i'ay commancée

115 340 598 58 Du bien ayme ſouz ſes couleurs,

115 388 563 58 En reſpirant en mes douleurs,

115 436 492 55 Ie chanteray ſus l'ennemy

119 482 490 57 De la vigne de mon amy.

163 534 499 55 Mon amy auoit vne vigne

114 578 579 57 En couſtau gras & plantureux.

112 625 553 58 Fermé l'a d'haye forte & fine,

112 672 593 58 Et l'a planté de plant heureux.

119 721 569 57 Tour y fonda preſſoir & creux,

110 768 574 58 Eſperant raiſins, fruict parfaict:

110 815 554 57 Et des lambrunces elle a faict.

147 862 439 58 Iudas & gent Iſraelite,

109 914 550 54 Ie vous fay iuges maintenant,

108 961 545 56 Entre moy & ma vigne elite.

113 1008 631 56 Qu'ay-ie obmis qui fuſt conuenant

105 1054 609 55 Rien qui ſoit, i'en ſuis ſouuenant,

105 1100 559 60 Et pour raiſins qu'ay ſouhaité

105 1148 496 59 Des lambrunces a raporté

146 1195 579 64 Ie vous diray que ie veux faire:

107 1237 469 83 La cloiſon luy demoliray,

701 1265 69 95 La
