950 1542
798 35 49 66 4

50 70 659 58 La permettant rompre & diſtraire,

49 113 484 57 Et ſans tailler la laiſſeray:

47 162 537 57 Ronces y croiſtront, & feray

50 211 565 56 Aux nues vn commandement,

48 258 561 58 De n’y plouuoir ancunement.

91 304 633 65 La vigne au Seigneur magnifique,

53 352 619 60 C’eſt D’Iſrael la grand' maiſon:t

43 399 528 61 Iudah eſt la planſon vnique,

46 447 520 57 Duquel il attendoit raiſon:

48 495 467 53 Mais il a rendu trahiſon.

42 541 426 61 Il en attendoit equité:

47 591 367 60 Il a rendu iniquité.

96 684 705 74 Tirée du cinquante deuxieſme d'Eſaie. Sur le

160 738 291 66 chant, I me ſuffit.

136 828 522 58 Combien ſont ioliz & beaux

129 875 675 70 Aux montz les piedz de l’annonceur

42 930 648 56 De paix, & tant de biens nouueaux,

41 974 499 60 Et de ſalut dont on eſt ſeur,

42 1022 464 59 Portant bonne nouuelle,

42 1070 387 54 Diſant: Zion la belle

45 1113 592 63 Ton Dieu regnant eſt poſſeſſeur

42 1164 402 57 De la vie immortelle!

88 1213 549 58 Lors que tes guettes leueront

46 1261 572 75 Le ioyeux cry tout d’vne voix,

466 1311 133 65 D 2

43 827 84 100 O
