926 1546
95 32 36 50 52

88 69 641 56 Quand par le Seigneur ilz verront:

86 117 480 53 Zion reduyre à ceſte fois,

85 161 345 52 Ieruſalem deſerte

89 210 470 54 Chante en lieſſe ouuerte,

88 259 594 57 De ſa gent le Seigneur courtois

87 308 539 54 Fait deliurance apperte.

134 352 672 61 Le Seigneur ſon ſainct bras puiſſant

91 402 516 56 Voyant les gens rebraſſera:

88 450 504 53 Le ſalut de Dieu floriſſant,

91 499 457 53 Toute terre regardera.

87 547 448 52 Sortez hors de la place,

85 595 486 53 N’attouchez choſe graſſe,

87 643 530 53 Soit net qui vaiſſeau portera

84 687 507 59 Du bon Seigneur de grace.

134 737 644 61 Vous n’irez point comme eſgarez,

82 784 515 51 Ne courez comme fugitifz,

88 830 578 57 Tout bellement vous haſterez:

81 876 523 58 Et ſi ne ſerez plus craintifz.

84 928 488 54 Le Seigneur deuant paſſe,

81 972 527 56 Dont n’aurez plus la chaſſe:

80 1019 534 56 Le Dieu d’Iſrael voz captifz

79 1071 464 52 En vn troupeau ramaſſe.

140 1113 733 58 Autre chanſon priſe de la fin du 6. de S. Matth.

82 1166 789 57 ſur le chant. Cõme ua le temps, quiuire & qui tour.

187 1214 367 49 Ve n’eſt-on content

217 1257 432 73 De ce que Dieu donne:

85 1213 113 120 Q

773 1303 89 94 Que
