952 1551
71 208 90 112 R

812 34 58 71 55

119 72 725 63 De la confiance en Chriſt, & en ſa parolle, ſus!

168 119 447 58 Enfans, enfans de Lyon &c.

151 210 492 59 Eſiouyſſons-nous treſtous

170 259 440 60 Amateurs de l’Euangile

70 308 543 59 En enſuyuant noſtre Eſpoux,

71 356 413 52 Car cela nous eſt vtile:

64 397 549 63 En preſchant de ville en ville

68 451 469 54 Sa parolle & ſon renom.

67 493 782 69 Sans prendre ne croix ne pille, ii fois

71 548 500 49 Car l’auons receu par don.

117 594 478 55 Deuons-nous laiſſer perir

70 641 683 60 Ce grand bien que Dieu nous donnet

66 690 472 54 Nous le deuons recueillir

66 735 548 60 Puis qu’il le nous abandonne,

67 784 533 59 En mettant noſtre perſonne,

66 832 489 57 Noſtre vie, corps & biens:

67 873 784 66 Ainſi on verra en ſomme ii foii

74 926 599 58 Qui ſont les meilleurs chreſtiens.

114 978 523 53 Nous voyons de tous coſtez

72 1023 491 58 La moiſſon eſtre ſi grande:

73 1071 524 56 Soyons donc tous appreſtez

72 1119 562 56 Luy faiſant du corps offrande:

72 1166 551 54 Entre nous de Chriſt la bende

76 1213 511 53 Trauaillons à toutes mains,

72 1255 786 81 Le Seigneur ainſi le mande. ii fois

591 1300 117 85 D 4
