<?xml version="1.0" encoding="UTF-8"?>
<alto xmlns:xsi="http://www.w3.org/2001/XMLSchema-instance"
      xmlns="http://www.loc.gov/standards/alto/ns-v4#"
      xsi:schemaLocation="http://www.loc.gov/standards/alto/ns-v4# http://www.loc.gov/standards/alto/v4/alto-4-2.xsd">
  <Description>
    <MeasurementUnit>pixel</MeasurementUnit>
    <sourceImageInformation>
      <fileName>59_e3925_default.jpg</fileName>
      <fileIdentifier>https://iiif.onb.ac.at/images/ABO/Z182216708/00000060/full/full/0/default.jpg</fileIdentifier>
    </sourceImageInformation>
  </Description>
  <Tags>
    <OtherTag ID="BT7" LABEL="CustomZone" DESCRIPTION="block type CustomZone"/><OtherTag ID="BT8" LABEL="DamageZone" DESCRIPTION="block type DamageZone"/><OtherTag ID="BT9" LABEL="DigitizationArtefactZone" DESCRIPTION="block type DigitizationArtefactZone"/><OtherTag ID="BT10" LABEL="DropCapitalZone" DESCRIPTION="block type DropCapitalZone"/><OtherTag ID="BT11" LABEL="GraphicZone" DESCRIPTION="block type GraphicZone"/><OtherTag ID="BT12" LABEL="MainZone" DESCRIPTION="block type MainZone"/><OtherTag ID="BT13" LABEL="MarginTextZone" DESCRIPTION="block type MarginTextZone"/><OtherTag ID="BT14" LABEL="MusicZone" DESCRIPTION="block type MusicZone"/><OtherTag ID="BT15" LABEL="NumberingZone" DESCRIPTION="block type NumberingZone"/><OtherTag ID="BT17" LABEL="QuireMarksZone" DESCRIPTION="block type QuireMarksZone"/><OtherTag ID="BT18" LABEL="RunningTitleZone" DESCRIPTION="block type RunningTitleZone"/><OtherTag ID="BT19" LABEL="SealZone" DESCRIPTION="block type SealZone"/><OtherTag ID="BT20" LABEL="StampZone" DESCRIPTION="block type StampZone"/><OtherTag ID="BT21" LABEL="TableZone" DESCRIPTION="block type TableZone"/><OtherTag ID="BT22" LABEL="TitlePageZone" DESCRIPTION="block type TitlePageZone"/>
    <OtherTag ID="LT7" LABEL="CustomLine" DESCRIPTION="line type CustomLine"/><OtherTag ID="LT8" LABEL="DefaultLine" DESCRIPTION="line type DefaultLine"/><OtherTag ID="LT9" LABEL="DropCapitalLine" DESCRIPTION="line type DropCapitalLine"/><OtherTag ID="LT10" LABEL="HeadingLine" DESCRIPTION="line type HeadingLine"/><OtherTag ID="LT11" LABEL="InterlinearLine" DESCRIPTION="line type InterlinearLine"/><OtherTag ID="LT12" LABEL="MusicLine" DESCRIPTION="line type MusicLine"/><OtherTag ID="LT1074" LABEL="default" DESCRIPTION="line type default"/>
  </Tags>
  <Layout>
    <Page WIDTH="933"
          HEIGHT="1550"
          PHYSICAL_IMG_NR="59"
          ID="eSc_dummypage_">
      <PrintSpace HPOS="0"
                  VPOS="0"
                  WIDTH="933"
                  HEIGHT="1550">
        <TextBlock HPOS="76"
                   VPOS="24"
                   WIDTH="88"
                   HEIGHT="60"
                   ID="eSc_textblock_97ff339f"
                   TAGREFS="BT15">
          <Shape><Polygon POINTS="76 24 76 84 164 84 164 24"/></Shape>
          <TextLine ID="eSc_line_c8c038b6"
                    TAGREFS="LT8"
                    BASELINE="92 63 151 62" 
                    HPOS="91"
                    VPOS="23"
                    WIDTH="58"
                    HEIGHT="62">
            <Shape><Polygon POINTS="91 62 91 85 149 83 149 62 149 28 91 23 91 62"/></Shape>
            <String CONTENT="56"
                    HPOS="91"
                    VPOS="23"
                    WIDTH="58"
                    HEIGHT="62"
                    ></String>
          </TextLine>
        </TextBlock>
        <TextBlock HPOS="68"
                   VPOS="65"
                   WIDTH="840"
                   HEIGHT="1214"
                   ID="eSc_textblock_c79e4331"
                   TAGREFS="BT12">
          <Shape><Polygon POINTS="68 70 68 1279 905 1273 908 65"/></Shape>
          <TextLine ID="eSc_line_67be70b3"
                    TAGREFS="LT8"
                    BASELINE="100 106 265 101 605 103" 
                    HPOS="99"
                    VPOS="65"
                    WIDTH="506"
                    HEIGHT="59">
            <Shape><Polygon POINTS="100 106 100 117 134 124 135 124 252 124 252 124 253 124 254 124 254 123 261 117 282 124 283 124 284 124 285 124 296 118 306 124 307 124 308 124 309 124 329 118 337 124 338 124 339 124 340 124 341 124 355 117 393 117 409 124 410 124 410 124 411 124 412 124 412 123 419 117 424 122 424 123 425 123 426 123 427 123 428 123 449 117 486 124 487 124 548 124 548 124 549 124 550 124 559 116 604 115 605 103 604 74 539 65 538 65 537 65 512 73 491 67 491 67 490 67 489 67 488 67 479 74 443 65 442 65 441 65 441 65 441 66 435 71 424 68 423 68 422 68 422 68 398 74 380 65 379 65 350 65 349 65 348 65 348 65 348 66 339 74 312 69 311 69 311 69 310 69 303 74 265 74 242 68 242 68 241 68 240 68 224 74 211 65 211 65 210 65 182 65 181 65 180 65 180 65 168 74 131 74 125 69 125 68 124 68 124 68 123 68 122 68 99 75 100 106"/></Shape>
            <String CONTENT="Les ſignes en ſont certains."
                    HPOS="99"
                    VPOS="65"
                    WIDTH="506"
                    HEIGHT="59"
                    WC="0.9682508430310658"></String>
          </TextLine>
          <TextLine ID="eSc_line_782df4a4"
                    TAGREFS="LT8"
                    BASELINE="143 152 436 148 694 154" 
                    HPOS="143"
                    VPOS="116"
                    WIDTH="551"
                    HEIGHT="58">
            <Shape><Polygon POINTS="684 124 676 122 670 120 556 116 555 116 554 116 553 116 544 122 528 117 528 117 527 117 503 122 478 116 478 116 477 116 476 116 475 116 475 117 470 122 429 122 362 116 361 116 360 116 348 122 289 116 288 116 287 116 286 116 279 122 184 122 155 116 155 116 154 116 143 120 143 152 143 167 155 164 193 173 194 173 195 173 196 173 208 164 239 168 240 168 282 164 317 164 335 173 336 173 337 174 337 173 338 173 355 165 376 165 391 173 392 173 393 173 394 173 410 166 430 173 431 173 432 173 474 168 480 173 481 173 482 173 483 173 484 173 503 166 559 173 560 173 693 171 694 154 690 126 684 124"/></Shape>
            <String CONTENT="Ayons tous bon cueur à Dieu,"
                    HPOS="143"
                    VPOS="116"
                    WIDTH="551"
                    HEIGHT="58"
                    WC="0.9778241227413046"></String>
          </TextLine>
          <TextLine ID="eSc_line_8712d9fd"
                    TAGREFS="LT8"
                    BASELINE="96 200 560 197" 
                    HPOS="95"
                    VPOS="161"
                    WIDTH="465"
                    HEIGHT="55">
            <Shape><Polygon POINTS="96 200 96 210 187 216 188 216 189 216 213 209 253 214 254 214 255 214 267 208 340 208 390 214 391 214 559 210 560 197 558 169 534 169 524 161 523 161 522 161 522 161 434 170 398 165 398 165 397 165 385 169 375 162 374 162 373 162 373 162 313 171 302 166 301 166 300 166 271 170 256 165 255 165 255 165 254 165 253 165 253 166 248 169 223 167 223 167 222 167 205 172 180 166 179 166 141 172 125 164 124 164 124 164 95 164 96 200"/></Shape>
            <String CONTENT="En vn amour fraternelle,"
                    HPOS="95"
                    VPOS="161"
                    WIDTH="465"
                    HEIGHT="55"
                    WC="0.9757884765664736"></String>
          </TextLine>
          <TextLine ID="eSc_line_68bb3e6b"
                    TAGREFS="LT8"
                    BASELINE="96 247 607 245" 
                    HPOS="95"
                    VPOS="210"
                    WIDTH="512"
                    HEIGHT="55">
            <Shape><Polygon POINTS="96 247 96 258 127 258 138 263 139 263 140 263 141 263 153 257 181 261 182 261 202 257 213 262 214 262 215 262 259 257 265 262 265 263 266 263 267 263 267 263 268 263 286 259 298 264 299 264 300 265 344 265 344 264 345 264 346 264 351 260 359 263 360 263 360 263 361 263 362 263 373 256 401 256 421 263 422 263 422 264 450 264 450 263 451 263 452 263 452 262 459 257 468 263 469 263 470 263 471 263 606 259 607 245 605 217 577 211 576 211 575 211 560 217 547 210 546 210 515 210 514 210 513 210 497 217 476 210 475 210 474 210 436 216 408 210 407 210 376 215 360 210 359 210 358 210 357 210 342 217 292 211 292 211 268 217 248 211 248 211 247 211 246 211 245 211 237 217 201 213 200 213 199 213 199 213 192 218 136 218 95 211 96 247"/></Shape>
            <String CONTENT="Et nous orrons en tout lieu"
                    HPOS="95"
                    VPOS="210"
                    WIDTH="512"
                    HEIGHT="55"
                    WC="0.994619384959892"></String>
          </TextLine>
          <TextLine ID="eSc_line_131a70b0"
                    TAGREFS="LT8"
                    BASELINE="99 293 601 293" 
                    HPOS="99"
                    VPOS="258"
                    WIDTH="502"
                    HEIGHT="56">
            <Shape><Polygon POINTS="99 293 99 304 118 310 119 310 173 305 190 313 191 313 192 314 210 314 210 313 211 313 211 313 222 305 273 307 279 313 280 313 281 313 282 314 298 314 298 313 298 313 299 313 299 312 306 306 370 311 371 311 372 311 373 311 380 305 419 305 439 313 440 313 441 314 508 314 508 313 509 313 510 313 515 308 531 313 532 313 533 313 560 308 578 313 579 313 580 313 601 310 601 293 601 267 562 258 529 258 528 258 528 258 512 265 487 260 486 260 448 266 409 258 408 258 407 258 406 258 393 266 353 262 352 262 273 266 265 259 265 258 264 258 263 258 227 258 226 258 225 258 224 258 224 259 217 266 176 266 166 258 165 258 164 258 163 258 162 258 139 264 121 258 120 258 119 258 118 258 99 266 99 293"/></Shape>
            <String CONTENT="Celuy-là qui nous appelle:"
                    HPOS="99"
                    VPOS="258"
                    WIDTH="502"
                    HEIGHT="56"
                    WC="0.9896573181505557"></String>
          </TextLine>
          <TextLine ID="eSc_line_aabf27e5"
                    TAGREFS="LT8"
                    BASELINE="99 342 491 340 651 345" 
                    HPOS="98"
                    VPOS="305"
                    WIDTH="553"
                    HEIGHT="55">
            <Shape><Polygon POINTS="649 315 648 314 628 314 619 306 619 305 618 305 617 305 591 305 590 305 590 305 589 305 579 313 541 308 540 308 539 308 527 313 436 313 427 305 426 305 425 305 424 305 382 308 381 308 380 308 380 309 376 313 364 306 363 306 362 306 361 306 345 312 331 305 330 305 298 305 298 305 297 305 296 305 286 313 250 307 249 307 248 307 235 313 194 309 193 309 192 309 192 309 186 314 146 314 133 305 132 305 131 305 105 305 104 305 103 305 102 305 102 306 98 310 99 342 99 353 218 357 219 357 239 353 257 359 258 359 259 360 276 360 276 359 277 359 278 359 278 359 286 353 308 353 320 359 321 359 322 359 348 353 360 359 360 359 361 360 398 360 398 359 398 359 416 353 425 358 426 358 427 358 428 358 429 358 447 353 471 359 472 359 472 359 473 359 489 354 494 359 495 359 496 359 497 359 528 355 541 359 541 359 542 360 650 360 651 345 650 317 649 315"/></Shape>
            <String CONTENT="Point n&#x27;y faut autre querelle,"
                    HPOS="98"
                    VPOS="305"
                    WIDTH="553"
                    HEIGHT="55"
                    ></String>
          </TextLine>
          <TextLine ID="eSc_line_c39f535b"
                    TAGREFS="LT8"
                    BASELINE="99 390 619 388" 
                    HPOS="98"
                    VPOS="351"
                    WIDTH="521"
                    HEIGHT="57">
            <Shape><Polygon POINTS="99 390 99 399 124 407 124 407 125 408 162 408 162 407 163 407 164 407 172 401 186 405 187 405 188 405 189 405 204 400 248 407 249 407 250 407 272 399 304 403 305 403 325 399 335 406 336 406 337 406 338 406 339 406 340 406 352 399 416 399 436 406 437 406 438 406 439 406 466 399 479 405 480 405 481 405 522 401 532 405 533 405 534 405 619 404 619 388 617 359 582 354 581 354 553 359 539 351 538 351 537 351 503 359 494 352 494 351 493 351 492 351 478 351 478 351 477 351 476 351 476 352 469 359 454 353 453 353 452 353 451 353 431 359 402 353 401 353 360 359 314 353 313 353 312 353 311 353 311 354 306 359 298 355 298 355 297 355 268 360 231 360 210 353 209 353 208 353 207 353 191 359 185 353 185 353 184 353 183 353 116 353 115 353 114 353 98 360 99 390"/></Shape>
            <String CONTENT="Allons nous mettre dedans:"
                    HPOS="98"
                    VPOS="351"
                    WIDTH="521"
                    HEIGHT="57"
                    WC="0.9936981338721055"></String>
          </TextLine>
          <TextLine ID="eSc_line_08771740"
                    TAGREFS="LT8"
                    BASELINE="99 437 894 440" 
                    HPOS="96"
                    VPOS="396"
                    WIDTH="796"
                    HEIGHT="61">
            <Shape><Polygon POINTS="98 436 96 449 129 457 891 455 892 397 789 397 779 406 692 400 683 408 622 408 615 399 591 404 582 397 576 397 562 406 536 397 479 405 458 396 321 396 288 405 261 396 231 396 220 406 131 406 124 397 118 397 98 403 98 436"/></Shape>
            <String CONTENT="Anonceans vie eternelle .ii. fois"
                    HPOS="96"
                    VPOS="396"
                    WIDTH="796"
                    HEIGHT="61"
                    ></String>
          </TextLine>
          <TextLine ID="eSc_line_1c32b206"
                    TAGREFS="LT8"
                    BASELINE="98 487 243 483 576 484" 
                    HPOS="97"
                    VPOS="448"
                    WIDTH="479"
                    HEIGHT="54">
            <Shape><Polygon POINTS="98 487 98 495 114 502 115 502 116 502 117 502 118 502 126 496 142 501 143 501 143 501 144 501 169 495 212 495 220 502 221 502 222 502 223 502 223 502 249 495 264 495 271 501 271 502 272 502 273 502 273 502 274 502 298 495 332 500 333 500 402 495 409 501 409 502 410 502 410 502 411 502 524 502 524 502 525 502 526 502 532 496 559 502 560 502 561 502 576 494 576 484 575 458 497 458 491 452 490 452 489 452 488 452 398 457 387 451 386 451 385 451 385 451 360 458 322 448 321 448 281 448 280 448 279 448 259 458 245 448 244 448 243 448 217 448 216 448 215 448 214 448 206 455 199 450 199 449 199 449 198 449 197 449 179 451 178 451 177 451 169 457 149 450 148 450 147 450 146 450 137 453 104 448 103 448 102 448 101 448 101 449 100 449 97 452 98 487"/></Shape>
            <String CONTENT="Par Ieſus, à tous croyans."
                    HPOS="97"
                    VPOS="448"
                    WIDTH="479"
                    HEIGHT="54"
                    WC="0.9866445925500658"></String>
          </TextLine>
          <TextLine ID="eSc_line_80b47239"
                    TAGREFS="LT8"
                    BASELINE="120 533 626 531" 
                    HPOS="119"
                    VPOS="494"
                    WIDTH="507"
                    HEIGHT="57">
            <Shape><Polygon POINTS="120 533 120 549 150 551 151 551 152 551 167 545 212 551 213 551 214 551 236 544 255 549 255 549 256 549 257 549 268 544 329 544 361 550 362 550 407 543 426 549 427 549 479 550 480 550 481 550 497 545 511 550 512 550 513 550 514 550 515 550 521 545 531 550 532 550 533 551 605 551 605 550 606 550 626 542 626 531 624 504 590 499 589 499 559 502 554 499 554 498 553 498 553 498 552 498 551 498 550 498 543 504 506 504 499 498 498 498 497 498 497 498 460 503 439 498 438 498 437 498 408 503 395 494 394 494 393 494 372 494 371 494 296 495 295 495 272 504 159 495 158 495 157 495 136 505 119 505 120 533"/></Shape>
            <String CONTENT="Soyons de Dieu amateurs"
                    HPOS="119"
                    VPOS="494"
                    WIDTH="507"
                    HEIGHT="57"
                    ></String>
          </TextLine>
          <TextLine ID="eSc_line_80979fdb"
                    TAGREFS="LT8"
                    BASELINE="97 577 623 580" 
                    HPOS="96"
                    VPOS="542"
                    WIDTH="527"
                    HEIGHT="55">
            <Shape><Polygon POINTS="97 577 96 588 130 588 136 594 136 595 137 595 138 595 139 595 173 595 173 595 174 595 194 588 206 592 207 592 208 592 209 592 223 588 286 588 294 595 294 595 295 595 296 595 297 595 298 595 314 589 388 589 398 595 399 595 400 595 401 595 439 591 452 595 453 595 454 595 454 595 455 595 462 589 470 596 471 596 472 596 472 597 519 597 519 596 520 596 539 589 548 596 549 596 550 596 551 596 622 595 623 580 622 553 576 553 565 543 564 543 563 543 562 543 547 544 547 544 546 544 535 552 509 543 508 543 485 543 485 543 484 543 483 543 483 544 473 552 447 546 446 546 417 551 406 542 405 542 404 542 340 542 339 542 338 542 337 542 337 543 329 551 316 542 315 542 314 542 277 542 276 542 275 542 274 542 262 551 251 546 250 546 249 546 248 546 248 546 248 547 243 551 134 551 123 543 122 543 121 543 120 543 97 544 97 577"/></Shape>
            <String CONTENT="Suyuant Chriſt le capitaine,"
                    HPOS="96"
                    VPOS="542"
                    WIDTH="527"
                    HEIGHT="55"
                    WC="0.9935956320592335"></String>
          </TextLine>
          <TextLine ID="eSc_line_96a4988f"
                    TAGREFS="LT8"
                    BASELINE="96 628 630 625" 
                    HPOS="95"
                    VPOS="588"
                    WIDTH="535"
                    HEIGHT="55">
            <Shape><Polygon POINTS="96 628 96 634 122 640 123 640 153 635 216 640 217 640 245 634 254 639 255 639 255 639 256 639 286 634 293 640 294 640 295 640 296 640 297 640 308 634 375 633 391 633 400 642 401 642 402 642 403 642 404 642 429 634 460 642 460 642 461 643 491 643 491 642 492 642 493 642 499 637 522 641 523 641 524 641 538 636 549 641 550 641 551 641 630 640 630 625 628 598 560 598 530 588 529 588 528 588 468 599 441 595 440 595 439 595 427 599 399 589 398 589 398 589 397 589 372 599 348 594 348 594 347 594 335 601 292 601 264 589 263 589 227 589 226 589 225 589 224 589 214 599 192 590 191 590 173 590 172 590 171 590 152 600 132 590 131 590 130 590 104 591 103 591 102 591 95 595 96 628"/></Shape>
            <String CONTENT="Et chaſſons ces faux paſteurs"
                    HPOS="95"
                    VPOS="588"
                    WIDTH="535"
                    HEIGHT="55"
                    WC="0.9661716346083016"></String>
          </TextLine>
          <TextLine ID="eSc_line_8c1527d9"
                    TAGREFS="LT8"
                    BASELINE="102 675 711 675" 
                    HPOS="102"
                    VPOS="638"
                    WIDTH="609"
                    HEIGHT="58">
            <Shape><Polygon POINTS="705 645 693 642 692 642 691 642 663 646 637 638 636 638 635 638 634 638 634 638 622 647 568 647 559 639 559 638 559 638 558 638 539 638 538 638 537 638 515 646 505 638 504 638 503 638 488 638 487 638 486 638 469 647 434 647 424 638 423 638 422 638 385 638 384 638 383 638 364 647 330 647 303 638 302 638 301 638 300 638 282 647 211 647 202 638 201 638 200 638 161 638 160 638 102 646 102 675 102 694 178 695 179 695 180 695 205 688 236 693 236 693 298 688 336 694 337 694 373 688 391 695 392 695 393 695 394 695 407 688 478 695 478 695 479 695 493 689 508 694 509 694 510 694 510 694 523 688 559 695 560 696 640 696 640 695 640 695 641 695 646 691 677 695 678 695 679 695 699 689 709 693 711 675 709 658 705 645"/></Shape>
            <String CONTENT="(Qui nous troublent la fontaine)"
                    HPOS="102"
                    VPOS="638"
                    WIDTH="609"
                    HEIGHT="58"
                    ></String>
          </TextLine>
          <TextLine ID="eSc_line_d96ae5fa"
                    TAGREFS="LT8"
                    BASELINE="95 723 578 721" 
                    HPOS="94"
                    VPOS="684"
                    WIDTH="484"
                    HEIGHT="55">
            <Shape><Polygon POINTS="95 723 95 731 164 731 186 739 186 739 187 739 236 731 261 739 261 739 262 739 263 739 264 739 277 731 329 731 334 735 335 735 335 735 336 735 337 735 349 731 376 737 377 737 378 737 398 731 414 738 415 738 416 739 556 739 556 738 557 738 558 738 558 737 566 729 578 728 578 721 577 693 556 688 555 688 554 688 553 688 548 694 488 694 461 688 460 688 427 693 418 685 418 684 417 684 416 684 416 684 415 684 395 689 364 684 363 684 362 684 361 684 351 691 320 691 311 685 311 685 310 685 281 685 280 685 279 685 279 685 270 692 258 685 257 685 256 685 255 685 235 691 206 685 205 685 205 685 204 685 190 694 143 694 136 687 136 686 135 686 134 686 133 686 94 687 95 723"/></Shape>
            <String CONTENT="En criant à voix hautaine"
                    HPOS="94"
                    VPOS="684"
                    WIDTH="484"
                    HEIGHT="55"
                    WC="0.9782113639207987"></String>
          </TextLine>
          <TextLine ID="eSc_line_bd243979"
                    TAGREFS="LT8"
                    BASELINE="97 768 708 773" 
                    HPOS="97"
                    VPOS="732"
                    WIDTH="611"
                    HEIGHT="59">
            <Shape><Polygon POINTS="97 768 97 782 294 781 302 787 302 788 303 788 304 788 341 789 342 789 386 787 387 787 388 787 393 783 432 789 433 789 434 789 458 783 478 790 479 790 480 790 526 784 559 790 559 790 560 790 561 790 568 786 634 791 635 791 690 784 705 788 708 773 707 740 596 743 587 736 586 736 585 736 566 736 565 736 564 736 563 736 555 743 525 743 518 737 518 736 517 736 516 736 493 736 492 736 491 736 491 736 481 742 427 737 426 737 385 741 371 735 370 735 369 735 368 735 348 740 340 734 339 734 338 734 337 734 267 739 255 734 255 734 180 734 180 734 145 739 97 732 97 768"/></Shape>
            <String CONTENT="Sortez loups, prenez les champs."
                    HPOS="97"
                    VPOS="732"
                    WIDTH="611"
                    HEIGHT="59"
                    WC="0.9812107924371958"></String>
          </TextLine>
          <TextLine ID="eSc_line_85e4cdc7"
                    TAGREFS="LT8"
                    BASELINE="99 816 851 823" 
                    HPOS="96"
                    VPOS="775"
                    WIDTH="754"
                    HEIGHT="67">
            <Shape><Polygon POINTS="98 815 96 826 186 835 223 829 283 835 335 830 347 838 410 831 418 838 540 839 553 833 586 839 594 833 620 839 692 834 847 842 850 822 849 790 832 791 815 780 792 789 784 780 723 780 701 791 602 791 525 777 507 789 498 781 471 786 382 776 355 787 316 787 275 775 245 775 232 786 180 775 98 784 98 815"/></Shape>
            <String CONTENT="Voſtre foire eſt incertaine. .ii. fois"
                    HPOS="96"
                    VPOS="775"
                    WIDTH="754"
                    HEIGHT="67"
                    ></String>
          </TextLine>
          <TextLine ID="eSc_line_357ada8f"
                    TAGREFS="LT8"
                    BASELINE="98 864 655 867" 
                    HPOS="97"
                    VPOS="828"
                    WIDTH="558"
                    HEIGHT="54">
            <Shape><Polygon POINTS="98 864 97 874 113 880 114 880 115 880 160 875 186 880 187 881 214 881 214 880 215 880 228 874 307 880 308 880 346 875 360 881 360 881 361 881 362 881 377 876 382 881 383 881 384 881 385 882 426 882 426 881 427 881 428 881 437 875 459 875 486 882 487 882 488 882 519 878 534 882 534 882 535 882 536 882 548 877 568 882 569 882 570 882 571 882 582 876 628 882 629 882 654 877 655 867 654 839 568 837 560 830 560 830 559 830 559 830 558 830 518 838 477 832 476 832 442 837 424 829 423 829 422 829 394 833 379 830 379 830 378 830 377 830 365 836 350 829 349 829 320 829 319 829 318 829 288 837 267 832 266 832 265 832 264 832 252 837 243 829 243 828 242 828 242 828 223 828 222 828 221 828 220 828 210 837 168 830 167 830 167 830 150 837 136 828 136 828 135 828 134 828 98 834 98 864"/></Shape>
            <String CONTENT="Ce n&#x27;eſt pas lieu de marchans."
                    HPOS="97"
                    VPOS="828"
                    WIDTH="558"
                    HEIGHT="54"
                    ></String>
          </TextLine>
          <TextLine ID="eSc_line_da74d630"
                    TAGREFS="LT8"
                    BASELINE="101 913 814 916" 
                    HPOS="101"
                    VPOS="877"
                    WIDTH="713"
                    HEIGHT="59">
            <Shape><Polygon POINTS="810 886 785 882 784 882 710 886 682 879 681 879 640 879 640 879 639 879 638 879 626 886 613 882 612 882 611 882 578 886 528 878 527 878 526 878 504 886 423 886 415 880 414 880 413 880 412 880 411 880 400 885 358 878 357 878 286 885 273 877 273 877 272 877 271 877 214 882 206 877 205 877 205 877 151 877 150 877 149 877 129 885 101 885 101 913 101 930 167 925 178 933 179 933 180 933 180 934 218 934 218 933 219 933 238 925 338 925 410 926 441 934 442 935 473 935 473 934 474 934 475 934 484 928 495 934 496 934 497 934 497 934 498 934 506 929 532 931 533 931 534 931 546 926 579 935 580 935 581 935 582 935 604 928 629 933 630 933 658 929 669 935 670 935 671 936 725 936 725 935 726 935 750 929 789 933 789 933 790 933 813 926 814 916 813 888 810 886"/></Shape>
            <String CONTENT="Qu&#x27;eſt-ce donc que nous craignons:"
                    HPOS="101"
                    VPOS="877"
                    WIDTH="713"
                    HEIGHT="59"
                    ></String>
          </TextLine>
          <TextLine ID="eSc_line_0580202d"
                    TAGREFS="LT8"
                    BASELINE="95 961 636 961" 
                    HPOS="95"
                    VPOS="924"
                    WIDTH="541"
                    HEIGHT="55">
            <Shape><Polygon POINTS="95 961 95 972 125 977 126 977 155 973 175 978 176 978 177 978 178 978 193 973 232 973 237 977 238 977 239 977 240 977 241 977 252 973 265 977 266 977 267 977 318 973 323 977 323 978 323 978 324 978 325 978 326 978 339 973 381 978 382 978 383 978 396 973 433 978 434 978 435 978 435 978 435 977 441 973 503 978 503 978 530 973 544 978 545 978 546 979 636 979 636 961 636 935 511 924 510 924 510 924 509 924 497 934 475 928 474 928 473 928 472 928 460 934 427 930 426 930 425 930 416 934 391 928 390 928 389 928 373 932 359 929 358 929 357 929 356 929 355 929 348 934 335 924 335 924 334 924 333 924 332 924 318 930 305 924 304 924 279 924 279 924 278 924 277 924 277 925 269 932 263 929 262 929 261 929 226 934 216 930 215 930 214 930 181 934 163 924 162 924 113 924 112 924 111 924 95 933 95 961"/></Shape>
            <String CONTENT="Allons noſtre cas pourſuiure,"
                    HPOS="95"
                    VPOS="924"
                    WIDTH="541"
                    HEIGHT="55"
                    WC="0.9868645318623247"></String>
          </TextLine>
          <TextLine ID="eSc_line_f2cb08b7"
                    TAGREFS="LT8"
                    BASELINE="93 1009 741 1009" 
                    HPOS="93"
                    VPOS="971"
                    WIDTH="648"
                    HEIGHT="58">
            <Shape><Polygon POINTS="740 979 662 974 661 974 660 974 644 980 563 980 554 974 553 974 553 974 552 974 526 979 511 971 510 971 510 971 474 979 442 971 441 971 441 971 440 971 424 979 411 971 410 971 410 971 409 971 315 975 284 971 283 971 206 979 176 979 167 971 166 971 165 971 164 971 136 975 93 971 93 1009 93 1023 186 1021 195 1028 196 1028 197 1028 198 1029 212 1029 212 1028 213 1028 214 1028 221 1023 283 1026 284 1026 285 1026 304 1021 312 1028 313 1028 314 1028 315 1028 316 1028 328 1022 366 1028 366 1029 492 1029 492 1028 493 1028 510 1021 538 1028 539 1028 540 1028 605 1023 619 1028 620 1028 621 1028 622 1028 634 1021 660 1021 740 1026 741 1009 741 982 740 979"/></Shape>
            <String CONTENT="Puis que Chriſt ſ&#x27;eſt miz pour nous"
                    HPOS="93"
                    VPOS="971"
                    WIDTH="648"
                    HEIGHT="58"
                    ></String>
          </TextLine>
          <TextLine ID="eSc_line_7e77788f"
                    TAGREFS="LT8"
                    BASELINE="101 1055 684 1057" 
                    HPOS="100"
                    VPOS="1020"
                    WIDTH="584"
                    HEIGHT="58">
            <Shape><Polygon POINTS="101 1055 100 1066 136 1076 136 1076 137 1076 138 1076 169 1068 267 1068 298 1076 298 1076 299 1077 315 1077 315 1076 316 1076 317 1076 317 1075 325 1068 353 1068 360 1073 360 1073 361 1073 362 1073 363 1073 377 1068 431 1077 432 1078 512 1078 512 1077 513 1077 537 1071 617 1077 618 1077 619 1077 620 1077 629 1070 650 1077 651 1077 652 1078 683 1078 684 1057 683 1029 590 1028 583 1023 582 1023 581 1023 580 1023 579 1023 568 1029 529 1029 523 1023 522 1023 522 1023 521 1023 520 1023 519 1023 512 1028 466 1023 465 1023 464 1023 448 1028 437 1023 436 1023 435 1023 435 1023 422 1028 387 1023 386 1023 385 1023 371 1027 355 1020 354 1020 354 1020 311 1021 311 1021 295 1028 245 1028 231 1020 230 1020 230 1020 204 1025 182 1020 181 1020 149 1020 148 1020 147 1020 146 1020 141 1024 101 1022 101 1055"/></Shape>
            <String CONTENT="Qui eſt-ce qui nous peut nuyre?"
                    HPOS="100"
                    VPOS="1020"
                    WIDTH="584"
                    HEIGHT="58"
                    ></String>
          </TextLine>
          <TextLine ID="eSc_line_e4dc2067"
                    TAGREFS="LT8"
                    BASELINE="92 1104 319 1103 665 1107" 
                    HPOS="91"
                    VPOS="1066"
                    WIDTH="574"
                    HEIGHT="59">
            <Shape><Polygon POINTS="92 1104 91 1117 116 1121 117 1121 118 1121 128 1116 143 1122 143 1122 144 1122 145 1122 158 1115 255 1114 269 1119 270 1119 271 1119 292 1115 299 1121 300 1121 301 1121 302 1121 346 1115 357 1122 358 1122 359 1122 360 1122 385 1116 397 1121 398 1121 398 1121 435 1116 461 1121 462 1121 463 1121 475 1116 503 1123 504 1123 505 1123 506 1123 528 1116 551 1124 552 1124 553 1125 664 1125 665 1107 663 1076 576 1078 565 1070 564 1070 563 1070 527 1068 526 1068 525 1068 524 1068 510 1077 491 1071 490 1071 489 1071 488 1071 466 1077 365 1067 364 1067 363 1067 341 1077 272 1077 263 1070 262 1070 261 1070 261 1070 241 1074 230 1066 229 1066 228 1066 208 1066 207 1066 206 1066 205 1066 193 1075 160 1066 159 1066 158 1066 157 1066 137 1075 126 1068 125 1068 124 1068 92 1067 92 1104"/></Shape>
            <String CONTENT="Helas donc vueillons enſuyure,"
                    HPOS="91"
                    VPOS="1066"
                    WIDTH="574"
                    HEIGHT="59"
                    WC="0.9988393406073253"></String>
          </TextLine>
          <TextLine ID="eSc_line_84319fed"
                    TAGREFS="LT8"
                    BASELINE="94 1151 342 1150 580 1154" 
                    HPOS="93"
                    VPOS="1114"
                    WIDTH="487"
                    HEIGHT="55">
            <Shape><Polygon POINTS="94 1151 93 1160 204 1160 211 1166 211 1167 211 1167 212 1167 213 1167 214 1167 232 1161 275 1161 290 1167 291 1167 292 1167 317 1162 344 1168 345 1169 456 1169 456 1168 457 1168 458 1168 464 1163 485 1169 485 1169 486 1169 555 1164 578 1168 580 1154 579 1126 542 1126 534 1117 534 1116 533 1116 532 1116 515 1116 514 1116 513 1116 512 1116 503 1123 483 1116 482 1116 481 1116 480 1116 459 1125 432 1116 431 1116 430 1116 354 1124 345 1118 344 1118 343 1118 342 1118 342 1118 323 1123 305 1115 304 1115 283 1115 282 1115 281 1115 280 1115 269 1122 225 1123 199 1116 198 1116 197 1116 196 1116 176 1122 167 1115 167 1114 167 1114 166 1114 165 1114 164 1114 142 1122 94 1114 94 1151"/></Shape>
            <String CONTENT="Ce bon redempteur Ieſus,"
                    HPOS="93"
                    VPOS="1114"
                    WIDTH="487"
                    HEIGHT="55"
                    WC="0.9837441717584928"></String>
          </TextLine>
          <TextLine ID="eSc_line_0d904d4e"
                    TAGREFS="LT8"
                    BASELINE="95 1199 845 1201" 
                    HPOS="95"
                    VPOS="1161"
                    WIDTH="750"
                    HEIGHT="61">
            <Shape><Polygon POINTS="95 1199 95 1214 137 1214 148 1221 149 1221 149 1221 150 1221 222 1212 256 1213 264 1219 265 1219 266 1219 267 1219 267 1219 284 1212 315 1219 316 1219 355 1212 407 1212 416 1216 417 1216 418 1216 467 1214 483 1220 484 1220 485 1220 485 1220 498 1216 506 1221 507 1221 508 1221 509 1221 597 1215 619 1221 620 1221 621 1221 622 1221 645 1213 682 1217 683 1217 684 1217 696 1213 718 1221 719 1221 720 1222 845 1222 845 1201 845 1172 820 1162 819 1162 730 1162 729 1162 728 1162 727 1162 712 1173 639 1173 605 1162 604 1162 603 1162 571 1166 554 1162 553 1162 553 1162 552 1162 517 1172 448 1171 404 1161 404 1161 403 1161 376 1172 358 1172 340 1161 339 1161 338 1161 337 1161 282 1165 281 1165 269 1171 239 1171 225 1161 224 1161 223 1161 223 1161 222 1161 195 1171 130 1170 113 1161 112 1161 111 1161 111 1161 95 1166 95 1199"/></Shape>
            <String CONTENT="Lequel veut les ſiens conduire .ii. fois"
                    HPOS="95"
                    VPOS="1161"
                    WIDTH="750"
                    HEIGHT="61"
                    ></String>
          </TextLine>
          <TextLine ID="eSc_line_a49f3f16"
                    TAGREFS="LT8"
                    BASELINE="93 1246 519 1248" 
                    HPOS="90"
                    VPOS="1209"
                    WIDTH="428"
                    HEIGHT="67">
            <Shape><Polygon POINTS="91 1245 90 1260 183 1261 220 1273 222 1273 223 1273 311 1268 326 1274 328 1274 329 1274 391 1267 403 1274 404 1274 405 1274 407 1276 465 1276 465 1274 466 1274 467 1274 484 1264 516 1264 518 1247 516 1216 484 1209 401 1209 400 1209 399 1209 398 1209 391 1215 374 1209 373 1209 372 1209 370 1209 350 1215 91 1211 91 1245"/></Shape>
            <String CONTENT="Au Royaume de là ſus."
                    HPOS="90"
                    VPOS="1209"
                    WIDTH="428"
                    HEIGHT="67"
                    WC="0.9624018967151642"></String>
          </TextLine>
        </TextBlock>
        <TextBlock HPOS="649"
                   VPOS="1255"
                   WIDTH="101"
                   HEIGHT="62"
                   ID="eSc_textblock_3188a8d0"
                   TAGREFS="BT17">
          <Shape><Polygon POINTS="649 1255 649 1317 750 1317 750 1255"/></Shape>
          <TextLine ID="eSc_line_1df7bd73"
                    TAGREFS="LT8"
                    BASELINE="665 1295 739 1295" 
                    HPOS="665"
                    VPOS="1258"
                    WIDTH="74"
                    HEIGHT="69">
            <Shape><Polygon POINTS="734 1266 665 1258 665 1295 667 1321 677 1315 703 1315 722 1326 723 1326 724 1326 725 1327 739 1327 739 1295 738 1293 734 1266"/></Shape>
            <String CONTENT="Du"
                    HPOS="665"
                    VPOS="1258"
                    WIDTH="74"
                    HEIGHT="69"
                    WC="0.9995190799236298"></String>
          </TextLine>
        </TextBlock>
      </PrintSpace>
    </Page>
  </Layout>
</alto>
