954 1554
784 24 59 62 63

38 304 73 27 P

47 65 679 55 Sur le chant. Pour un plaiſir qui ſi peu dure.

95 107 735 66 Demonſtrant qu'il faut reſiſter au diable, le mon¬

96 155 640 62 de & la chair, pour paruenir au bien. &c.

121 212 614 63 Our vn plaiſir qui touſiours dure,

119 262 571 63 Faut endurer peine & trauaux.

46 311 550 58 Heureux eſt celuy qui endure

49 361 601 55 Pour vn plaiſir cent mille maux.

49 408 582 55 Le monde fait ſur moy ſes ſaux:

46 454 578 57 La chair me met en aduenture:

47 503 499 58 Satan me liure durs aſſaux.

226 585 431 54 Sur les dix commandemens.

225 664 428 67 Le premier commandement.

135 738 635 67 V n'auras point de Dieu eſtrange,

136 793 477 46 Mais à vn ſeul tu ſeruiras:

49 835 599 59 Luy baillant honneur & louenge

51 887 534 54 De cœur & d'ame l'aymeras.

49 933 554 51 Ces faux Dieux tu n'adoreras

50 979 559 54 Faictz de la main de l'homme.

53 1026 786 60 Oſtez les moy .ii. fois

51 1079 302 49 Sans nul eſmoy.

50 1119 706 65 Ilz n'ont pouoir qu'ilz ſoyent miz bas,

50 1172 580 56 Dieu veut qu'on les conſomme.

356 1213 174 61 Le ſecond.

69 1258 510 75 Ne iure Dieu pour choſe vile

55 743 77 106 T
