952 1557
736 35 60 49 3

37 236 82 103 A

64 55 664 68 Chanſon des dix commandemens de Dieu:

128 100 470 66 Sur le chant. Au bois de dueil.

292 182 148 67 LE .I.

125 241 656 65 Dore vn Dieu le pere tout puiſſant

133 284 647 66 Par Ieſus Chriſt ton aduocat fidele.

27 336 678 61 Le ſainct Eſprit te fait eſtre adorant

25 384 695 63 En verité ſans nulle œuure charnelle,

25 432 772 67 De tout ton cueur ſur tous le dois aymer,

27 478 732 83 Et à luy ſeul gloire & honneur donner,

25 524 271 56 Non à l'idole,

33 576 344 57 Que ta main dole,

31 618 315 57 Vaine & friuole.

28 660 659 86 Car il n'eſt rien, mais Dieu eſt tout.

38 717 283 57 Qui te conſole

26 766 286 54 Par ſa parolle.

30 809 330 59 Ton ame eſt folle

30 853 610 80 S'elle n'y prend ſaueur & gouct.

271 906 204 67 LE .II.

27 953 668 60 Le Nom de Dieu en vain ne iureras,

29 1004 638 59 Par ouy, ou non fineras ton langage,

29 1053 653 58 Et verité pour ton prochain diras,

27 1095 757 69 Pour le garder d'auoir aucun dommage:

24 1145 681 62 Ne iure auſſi, terre, ne ciel, ne ſainctz,

26 1189 798 94 Ne par ta foy, mais tes dictz ſeront ſainctz,

23 1240 260 105 Et veritables,

519 1276 145 99 A 2
