951 1555
735 48 49 44 81

25 73 502 60 Auſſi ſa fille pour diffame;

26 125 660 53 Car en ton cueur ſeroys meſchant:

29 171 567 54 Mais tu viuras honneſtement

33 217 465 56 Tout le temps de ta vie:

29 261 806 59 Car le cueur net ii fois

28 308 321 60 A Dieu ſi plaiſt,

32 359 556 61 Qui iuge touſiours le dedans,

30 408 391 60 Et ſeul nous purifie.

320 454 207 59 Le dixieſme.

70 503 565 55 Le ſeruiteur ny la chambriere

31 552 517 52 Ne deſire de ton prochain,

30 597 576 58 Ny autre choſe qui ſoit ſienne,

38 649 663 56 Pour ton plaiſir ou pour ton gaing:

34 695 536 52 Cerche le threſor ſouuerain¬

32 744 639 56 Là haut es cieux, non point ca bas,

32 783 797 65 Ayme de cueur ii fois

31 838 328 55 Noſtre Seigneur.

30 888 632 55 Autant comme toy ton prochain:

31 933 494 64 Par ainſi la Loy garderas.

79 1022 629 64 Sur le chat. Les Bourguignons ont miz

147 1076 148 53 le camp.

122 1122 585 58 Vand l’ay bien à mon cas pencé

127 1168 574 64 D'vne choſe me reconforte,

32 1219 555 59 Quand le corps ſera treſpaſſé

30 1275 534 67 Mon ame ne ſera pas morte.

37 1109 87 122 Q

504 1319 122 59 E 2
