941 1541
128 23 68 50 68

99 65 474 61 Iniuſtice n'eſt aſſez forte,

101 113 476 56 De pouoir ſi cruellement

102 160 563 53 Faire mourir, tout d'vne ſorte

105 208 616 57 Le corps & l'ame enſemblement.

155 255 601 60 Mes compagnons & bons amyz,

108 306 602 56 Deuant que mourir ie vous prie

108 351 587 58 Ne craignez point les ennemiz:

113 400 579 58 Qui ne peuuent qu'oſter la vie

112 452 636 56 Du poure corps:mais ie vous prie,

114 494 583 59 Craignez celuy tant ſeulement:

118 543 528 57 Qui peut, ſ'il en auoit enuie,

117 591 656 56 Mettre ame & corps à damnement.

155 639 539 50 En la crainte ne ſoyons tant

128 689 568 57 Que n'ayons en luy eſperance:

123 729 558 59 Digne n'eſt d'eſtre ſon enfant

119 776 528 61 Qui n'a miz en luy ſa fiance.

117 824 444 59 Il a faict à nous alliance

122 876 562 57 Que la Foy viue entretiendra:

120 924 570 52 Demandons luy en aſſeurance,

120 970 562 57 Ie croy qu'il la nous donnera.

160 1017 582 54 Contentons nous donc de cela,

119 1066 629 57 Sans que noſtre ame ſoit troublée,

122 1117 578 54 De ce que Dieu nous enuoyera

119 1164 518 53 En attendant celle iournée:

133 1209 395 58 Qu'elle ſera raſſaſiée

128 1257 580 81 D'vn plaiſir ſi grand & ſi doux,

855 1308 59 58 En
