952 1548
791 41 44 91 63

55 299 47 115 F

37 78 514 60 En eſtant au ciel colloquée

41 124 558 63 Auec Ieſus Chriſt ſon eſpoux.

189 214 461 71 Sur le chant de la precedente:

114 305 558 74 Our reparer le grand forfaict

122 363 514 58 Commis par deſobeiſſance,

45 411 617 62 Le Filz de Dieu mortel ſ'eſt faict

45 460 557 55 Et a prins humaine naiſſance.

53 509 582 58 Vn grand myſtere d’excellence

49 559 505 55 A la venue du Roy nouuel:

51 602 571 62 Qui a prins humaine naiſſance

49 654 509 55 Dedans le ventre virginal.

84 703 471 55 A qui me doy-ie confiert

50 748 518 58 Fors à celuy qui à puiſſance

50 797 440 56 De deſtruire & viuifier

53 842 605 58 Toutes choſes: ſans repugnance.

49 887 623 65 Ie ſerois bien fol quand i'y penſe

52 939 585 58 D’ailleurs aſſeurer mon appuy

53 989 585 55 Puis que luy ſeul ſans deffiance

52 1035 528 58 M’eſt pere, Seigneur & amy.

92 1084 532 53 Ou eut Adam ſon reconfort

57 1129 620 60 Ayant commiz ſi griefue offence,

54 1178 562 55 Dont condamné fut à la mort,

56 1225 542 58 Et priué de toute innocence,

54 1276 567 65 Raiſon ne trouue n’apparence

573 1319 112 75 E 3
