945 1550
161 34 57 53 70

109 73 559 57 D'excuſer ſon mal & ſon tort.

107 126 571 58 Diſant pour toute contenance

111 171 608 58 C’eſt ma femme qui ma faict tort.

145 218 557 62 Le Seigneur Dieu ne ſ'arreſta

110 266 443 56 A ſon excuſe ſi friuolle,

108 312 505 62 Ains hors d’enfer le reiecta

109 364 553 57 Luy promettant miſericorde,

110 409 617 65 Mais que par Foy à luy ſ’accorde,

110 458 370 56 Et il aura remiſſion

110 504 433 60 De ſon iniquité ſi orde,

109 553 470 58 Lors eſpera redemption.

157 601 561 63 Le Seigneur Dieu conſiderant

114 647 403 55 La debilité de nature,

110 696 506 54 Nous a reuelé bien ſouuent

108 744 698 62 Ses promeſſes qui eſtoyent tant pures

112 793 794 62 Quand les grands eaues par tout ſ'eſmeu¬

810 851 100 62 rent

106 837 557 61 Pour abſorber le firmament,

105 888 526 55 Du Patriache il a prins cure

104 934 524 60 Noe, ſa femme & ſes enfans.

127 982 500 58 A Abraham Dieu confera

104 1029 623 64 Long temps apres promeſſe telle,

105 1077 485 59 Diſant que croiſtre il fera

105 1123 502 61 Sur les eſtoilles ſa ſequelle:

105 1171 467 62 A Iacob en fit la pareille,

104 1219 538 67 En eſprit par Foy le voyant.

105 1266 579 79 Duquel produyroit vne eſtoille

779 1282 120 116 Don
