945 1552
721 47 46 46 51

18 82 532 57 Donnant ſalut, dict Balaam'

62 130 576 62 Moyſe de Dieu grand zelateur

19 178 667 60 Ayant du haut Dieu congnoiſſance

21 226 447 57 N’a pas eſtimé vn feſtu

19 274 509 60 D'Egyte la magnificence,

24 321 626 60 Voyant que l’on faiſoit outrance

20 368 566 62 Au ſeul Seigneur & createur:

25 416 597 57 De mettre ailleurs ſa confiance,

25 463 534 62 D’Egypté ne fut ſucceſſeur.

75 509 571 61 Sainct Pierre n’a point vſurpé

28 553 728 64 L’honneur qui eſtoit deu à ſon maiſtre,

30 607 476 60 Ains le peuple a prohibé

32 654 553 59 Publiquement le iour de feſte

33 698 705 67 Diſant, qu’eſt-ce gens que vous faictet

40 752 504 53 Ce ne vueillez m’attribuer,

39 801 474 55 Car ie ſuis creature:certe

38 844 559 66 Le ſeul Seigneur deuez louer.

42 929 802 72 D'Eſperance, Foy, & Charité, ſur le champ. Par

92 988 434 62 ton regard. & c. Eſperance.

147 1073 609 74 Ar ton regart tu me fais eſperer:

133 1127 660 65 En eſperant my conuient endurer.

45 1174 767 66 En endurant ne me faut ia complaindre:

52 1220 799 69 Car la cõplainte ne peut mõ mal eſteindre.

49 1274 705 67 Mais du danger ſeul me peux retirer.

54 1070 63 112 F

605 1315 139 77 E 4j
