938 1531
126 41 51 44 72

408 64 89 54 Foy.

109 104 636 65 Par ton parler me fais en toy fier.

71 159 603 58 En m'y fiant ne me dois ſoucier.

73 204 761 63 Se ſouciant on ne fait rien que craindre,

71 250 809 66 Et par la crainte on peut la Foy enfreindre

74 301 623 63 Or ie ne veux de rien me meffier.

344 352 148 55 Charité.

106 393 713 65 Par ton amour tu m'apprens à aymer:

73 443 670 62 En bien aymant, de nul mal eſtimer,

75 490 802 62 En eſtimant du grand comme du moindre,

74 535 801 63 Et moins n'entens-ie en charité me feindre

81 585 796 68 Quoy que d'autruy i'oye meſdire ou blaſ¬

750 631 123 62 (mer.

148 678 492 67 Sur, Iouiſſance uous donneray.

137 774 629 68 Vge moy mon Dieu mon ſauueur.

137 824 587 65 Diſcerne ma cauſe & mon pleur

77 872 595 63 De la gent hypocrite & faincte.

77 919 584 63 Oſte moy de l'homme pecheur

75 967 547 63 Plein d'iniquité & erreur,

78 1013 575 63 Qui contredit à ta Loy ſaincte.

131 1065 527 54 Tu es ma force & ma vertu:

74 1108 616 66 Helas pourquoy me l'aiſſes-tu?

78 1161 612 61 Et pourquoy triſte ie chemine:

82 1209 614 60 Quand tes ennemiz as vaincu

72 1257 569 78 Par ton bras, qui eſt mon eſcu,

70 776 76 114 I

789 1305 95 55 Sans
