954 1551
773 12 54 64 75

84 158 96 104 N

111 62 711 71 Sur le chant, Princes uueilles nous pardonner.

175 158 479 60 Oſtre Pere qui es es cieux

179 205 535 66 Sanctifié ſoit ton ſainct Nom,

83 260 496 57 Et ton Royaume precieux

81 303 593 59 Nous aduienne, fay nous en don

81 352 538 62 Pere treſſainct, Pere tresbon,

80 403 309 53 Nous tes enfans

82 447 588 61 De toy ſeul attendons pardon:

88 495 648 63 Tu l’as promiz aux vrays croyans.

126 545 547 58 Soit accompli le vouloir tien

82 592 491 55 En la terre comme au ciel.

82 641 472 60 Et noſtre pain quotidien

87 689 525 56 Donne nous o Pere eternel,

87 734 419 61 Auſſi le pain ſpirituel,

91 785 286 57 Qui eſt la Foy,

83 828 532 61 En Chriſt ton filz coeternel,

87 875 692 61 Lors ſuis mangéant: quand ie le croy?

128 925 618 61 Pardonne nous tous noz pechez.

86 971 581 61 Ainſi que nous les pardonnons

87 1021 558 57 A ceux qui nous ont offencez

84 1068 605 59 En Ieſus Chriſt l’exemple auons,

83 1115 554 61 Pardonnant aux Iuifz felons,

87 1169 296 54 O pardonneur,

83 1212 544 64 De toy ſeul grace attendons

82 1259 647 73 Pour paruenir au parc d’honneur,
