940 1532
98 15 62 48 76

108 49 590 65 Noſtre Seigneur ne nous induis

67 102 443 52 Nulle fois en tentation:

68 147 545 58 Si par Satan ſommes ſeduictz

64 194 434 57 Oſte nous de ſeduction;

62 245 430 57 Par ta forte protection

61 291 281 57 Deliure nous,

63 338 482 55 Ou nous irons ſans fiction

63 388 471 54 A la damnation treſtous.

96 434 515 54 Pour nous deliurer de cela,

69 482 627 57 Ton Filz Ieſus eſt mort pour tous:

63 529 510 57 En temps certain ſe reuela,

64 577 619 56 Noſtre Sauueur & noſtre eſpoux,

63 624 689 61 Lequel ſouſtient pour nous les coups,

64 675 329 54 Le doux Agneau

66 718 600 58 Fut miz à mort des cruelz loups

64 768 345 53 Pour nous ſauuer,

67 817 604 58 Pour ſauuer ſon petit troupeau¬

117 907 669 58 Sur le chant, L'autre iour iouer m'en alloye

211 960 270 57 au ioly bois. &c.

164 1045 710 66 Hantons de cueur tous en grand ioye,

171 1096 567 67 A ſeruir Chriſt prenons plaiſir,

85 1151 627 53 C’eſt verité, la vie & voye:,vuous

87 1195 711 64 Qu’on doit ca bas ſuyure & tenir:! vo

87 1246 303 69 Il eſt notoyre:

79 1048 88 111 C

695 1295 193 57 Chantont
