964 1554
772 32 54 58 77

72 64 807 78 Chantons de cueurn ii fois

76 122 706 66 A l’honneur du grand Roy de gloire.

122 169 667 66 Tu es vray Dieu auſſi vray homme,

82 220 537 59 Du Roy Dauid es deſcendu:

81 265 697 64 Pour nous ſauuer, pour toute ſommie,

82 315 590 64 Par toy pardon nous eſt rendu,

86 365 275 55 Auſſi ta grace,

81 400 807 77 Ieſus ſauueur ii) fois

81 455 593 59 Retourne à nous ta ſaincte face.

126 504 511 58 Tu as eſté miz en la creche

81 551 489 58 Et viſité des paſtoureaux,

83 600 533 59 Et l’Eſtoille les ſages dreſſe,

88 647 717 66 Qui ſont venuz ſur grandz chameaux:

82 694 386 60 Pour faire offrende

81 738 815 75 A toy Seigneur,uni fiuni ala ii fois

82 792 638 56 De mes pechez pardon demande.

115 840 627 59 Huyt iours apres tu fus au temple

78 888 553 53 Entre pecheurs là circoncis,

82 934 645 57 Pour nous laiſſer le ſainct exemple

87 982 632 64 Qu’en nous peché doit eſtre occis:

86 1029 361 60 C’eſt choſe ſeure

80 1069 808 75 Sainct innocenti .al u21. ii fois

82 1128 689 55 Faut-il que pour nous tous tu meure?

98 1173 663 60 Autre chemin ont prins les ſages,

78 1225 570 56 Pour retourner en leurs pays.

76 1270 748 81 Herode a faict maintz grandz outrages:

799 1326 76 67 Car
