944 1546
140 37 35 38 78

89 65 526 58 Car les enfans à mort a miz.

93 114 270 60 Quel ſatelite?

91 155 811 70 Seigneur puiſſant ii fois

95 211 572 56 Tu fuz porté droit en Egypte.

122 259 544 56 Douze ans apres ta naiſſance

91 307 666 56 Fuz au milieu des grandz Docteurs,

91 353 540 54 Leſquelz ſont de ta ſapience

90 400 659 60 Moult esbahiz, dedans leurs cueurs,

93 445 333 58 Car ta doctrine,

95 488 803 69 Vray filz de Dieu ii fois

89 540 504 57 Eſtoit celeſte & treſdinine.

127 593 572 53 Trente trois ans auois en eage

95 633 550 64 Quand tu ſouffris la paſſion..

88 686 648 58 Pour ſauuer tout l’humain lignage

85 735 459 60 Croyant la reſurrection:

87 780 288 57 Sans vitupere,

85 828 804 54 Mais maintenant  l vor

89 876 544 55 Tu ſiedz à la dextre du Pere.

114 922 557 57 De là tu dois venir au monde

84 972 600 56 Pour les mortz & les vifz iuger:

87 1021 521 52 Miſericorde en toy abonde,

83 1068 611 57 En quoy tu veux les tiens ſauuer:

90 1113 252 60 Tn as iuſtice,

83 1160 815 65 Mon aduocat,n ii fois

85 1212 606 59 Au iugement, ſois moy propice.

125 1260 568 74 O Ieſus auquel on doit croyre,

846 1307 46 59 Si
