945 1549
760 37 41 39 70

63 471 84 106 A

57 47 515 64 Si ton ſermon eſt entendu;

63 97 584 60 Tu ne veux d’œuure meritoire

62 142 567 69 Que paradis nous ſoit vendu:

60 191 384 61 Mais qu’on le baille

56 233 821 78 A tous pour neant ii fois

59 288 608 67 Sans en payer denier ny maille.

159 378 585 70 Sur le chant C'eſt une dure deſpartie.

173 474 562 65 Toy Seigneur ſans ceſſer crie

154 520 634 71 Et du plus profond de mon cueuri

58 573 510 56 Eſcoute ma voix ie te prie,

54 619 639 59 Et vueille entendre à ma clameur:

93 670 571 60 N’ayant regard à mon erreur.

55 719 556 56 Porter ne puis mon iniuſtice,

54 765 599 57 Mais par ta treſgrande douceur

49 817 623 56 Soys, las, à moy pecheur propice.

86 863 511 53 Mon ame du tout ſe confie

46 914 602 54 En ton certain parler, Seigneur,

49 956 433 58 En eſperance de la vie

52 999 748 68 Que m'as promiz, dont m'en tiens ſeur.

82 1052 512 59 L’eſpoir d’Iſrael en luy eſt

49 1098 539 65 Pour ſa grande miſericorde,

46 1148 557 61 Redemption pleine nous fait:

44 1200 610 75 Par Ieſus qui pour nous accorde.

769 1259 75 71 Sur
