942 1539
137 13 46 39 80

80 155 81 138 L

133 37 672 67 Sur le chant. Le cueur eſt mien, ou, D'eſtre

183 96 249 55 amoureux, &c.

166 174 725 70 Ouez enfans le Seigneur ſans gaudir,

175 225 719 67 Louez ſon Nom, lequel il vous reuele.

87 275 766 61 A luy chantez ſouuent chanſon nouuelle,

85 324 738 61 Faiſant par tout ſon honneur redondir.

124 369 760 67 Touſiours loué ſoict du Seigneur le Nom

86 422 523 57 Et exalté de toute creature,

87 462 796 69 Des maintenant: & tant que le temps dure

91 513 633 64 Soit publié & chanté ſon renom.

132 558 721 67 Le Nom de Dieu depuis l’aube du iour

87 607 641 66 Iuſque au ſoir, que le Soleil ſ’aualle

85 657 637 65 Eſt de louer: ſans aucun interualle

86 706 663 61 Inceſſamment ſans repoz ne ſeiour.

130 749 716 64 Sus toutes gens l’effect eſt bien certain

86 799 674 62 Eſt excellent le Seigneur de victoire,

87 847 797 67 Son bruit, ſon loz, ſon triomphe &ſa gloire:

87 897 641 63 Sont eſleuez outre le ciel hautain.

131 939 710 68 Qui eſt celuy ſemblable à noſtre Dieut

92 990 721 67 Qui ſon manoir a mis de telle hauteſſe,

93 1036 709 70 Que quand il veut regarder, il ſ'abaiſſe

89 1081 801 77 Pour veoir au ciel & en terre humble lieu.

119 1136 604 63 Il remet ſus le poure du fumier,

93 1185 559 63 Le malotru releue de la fange,

92 1234 642 76 A celle fin que par faceon eſtrange

770 1278 116 75 Entre
