945 1552
755 24 33 48 81

44 457 64 110 S

18 43 733 67 Entre les grandz ſoit aſſis le premier.

75 90 654 66 Il fait tenir la femme en la maiſon,

25 134 663 72 Laquelle eſtoit au parauant ſterile,

27 184 633 65 Ayant enfans & mere de famille,

29 231 655 69 Donc elle en eſt reſiouye à foyſon.

100 325 672 75 Sur le chant. Viure ne puis, pour le mal que

176 378 201 62 ie ſens, &c.

106 466 550 68 Ire ta terre as benit à ce cop.

108 514 610 71 Et a porté le fruict tant ſalutaire,

43 563 691 66 Qu'il a miz hors les captifz de Iacob,

35 613 747 67 On ne doit point vn ſi grand ſalut taire.

75 662 707 63 A ton peuple as remis tous ſes pechez

38 710 663 59 Et as couuert toute vilaine ordure:

38 756 794 66 Dont ilz eſtoyent certes tous empeſchez,

39 806 710 63 Mais par ton filz tu en as faict la cure.

100 853 736 64 Mieux ne pouõs qu'à luy ſeul retourner

42 900 662 61 O ſire Dieu fais nous à luy retraire.

41 951 700 56 Conuertiz nous à toy ſans ſeiourner:

39 995 760 62 Et ne permetz l'ennemy nous ſubſtraire.

75 1042 763 66 Dieu tout puiſſant & Seigneur immortel

41 1088 739 67 Eſtendras-tu ſur le poure humain genre

43 1139 670 63 Ire & courroux qui ſoit perpetuel:

41 1184 772 69 En luy faiſant touſiours mortelle guerre?

76 1236 602 76 Nenny, nenny, tu te conuertiras

629 1284 60 64 F
