937 1547
147 24 41 37 82

106 48 687 58 En demonſtrant ta bonté & ta grace,

109 95 615 61 Et par ainſi ton peuple eſiouyras

112 139 728 63 Quand il verra ta ſaincte & digne face.

143 184 729 70 Apres qu'aurons longuement ſouſpiré

112 234 592 61 Ouure le ſein de ta miſericorde:

112 280 733 63 Que nous voyons le Chriſt tant deſiré,

112 327 737 66 Paſteur de paix, & paſteur de concorde.

145 380 653 62 A lors i'orray ce qu'il dira en moy,

111 423 602 65 Et de preſent à cela me diſpoſe:

114 470 732 62 T reſuolentiers l'orray ſans nul eſmoy:

112 518 753 65 Bien heureux eſt, qui n'orra autre choſe.

143 569 589 60 A tous ſes ſainctz euangelizera,

112 617 618 60 De ceſte paix la ioyeuſe nouuelle

111 664 574 61 Sans oblier cil qui l'inuoquera:

112 711 642 61 Car par luy ſeul aura vie eternelle.

134 758 766 61 Mais touteſfois des humbles craignãs Dieu

110 805 677 60 Plus pres ſera le ſalut à toute heure:

113 851 756 64 Grace de Dieu eſt touſiours pres du lieu

111 901 785 63 Des vrays croyãs, c'eſt ſa propre demeure.

145 948 510 58 Miſericorde & auſſi verité

109 993 656 64 Dames d'honneur, ſi ſe ſont raliées:

110 1043 605 63 Iuſtice & paix, en parfaicte vnité

110 1093 553 58 Finalement ſont reconciliées.

148 1137 673 62 Tant ſ'eſt voulu vers nous humilier

113 1187 547 58 Celuy qui eſt verité & iuſtice,

116 1237 608 75 Qu'il eſt venu pour nous iuſtifier:

850 1285 44 78 Et
