947 1539
780 14 52 55 83

37 53 700 58 Et nous ſauuer par ſa grace propice.

88 104 623 55 Apres que Dieu par ſa benignité

43 148 590 54 A ſes eſleuz aura grace donnée,

41 195 675 56 Rempliz ſeront, de grand' fecondité

41 243 716 56 Pour faire fruict en Foy preordonnée.

76 289 669 56 Deuant le Chriſt le iuſte marchera,

42 339 709 56 En obſeruant de ſes preceptz la voye:

42 386 594 55 Et tous ſes pas il les ordonnera

44 432 719 62 A vn ſeul Dieu, non afin qu'on le voye.

95 524 695 60 CHANSONS DE NOV¬

286 581 315 59 ueau adiouſtées.

85 675 711 62 Sur le chant, I'ay le cueur ſouuent bien marry.

48 747 794 67 En ceſte chanſon eſt demonſtré le deſplaiſir qu'a le

99 803 730 59 fidele du contemnement de la parolle de Dieu, &

98 849 576 64 la punition des contempteurs d'icelle.

142 940 620 64 Ous ſommes en treſgrand ennuy,

139 987 574 64 De voir l'Euangile en meſpris:

47 1037 651 67 Las ce n'eſt pas ny d'hyer, ny d'huy

46 1087 637 67 Que pour bien faire on eſt repris,

44 1141 334 58 On nous menace,

46 1185 421 60 Mais quoy qu'on face,

41 1233 648 71 Nous paruiendrons certainement,

55 922 84 124 N

609 1278 118 62 F 2
