<?xml version="1.0" encoding="UTF-8"?>
<alto xmlns:xsi="http://www.w3.org/2001/XMLSchema-instance"
      xmlns="http://www.loc.gov/standards/alto/ns-v4#"
      xsi:schemaLocation="http://www.loc.gov/standards/alto/ns-v4# http://www.loc.gov/standards/alto/v4/alto-4-2.xsd">
  <Description>
    <MeasurementUnit>pixel</MeasurementUnit>
    <sourceImageInformation>
      <fileName>87_0b0f8_default.jpg</fileName>
      <fileIdentifier>https://iiif.onb.ac.at/images/ABO/Z182216708/00000088/full/full/0/default.jpg</fileIdentifier>
    </sourceImageInformation>
  </Description>
  <Tags>
    <OtherTag ID="BT7" LABEL="CustomZone" DESCRIPTION="block type CustomZone"/><OtherTag ID="BT8" LABEL="DamageZone" DESCRIPTION="block type DamageZone"/><OtherTag ID="BT9" LABEL="DigitizationArtefactZone" DESCRIPTION="block type DigitizationArtefactZone"/><OtherTag ID="BT10" LABEL="DropCapitalZone" DESCRIPTION="block type DropCapitalZone"/><OtherTag ID="BT11" LABEL="GraphicZone" DESCRIPTION="block type GraphicZone"/><OtherTag ID="BT12" LABEL="MainZone" DESCRIPTION="block type MainZone"/><OtherTag ID="BT13" LABEL="MarginTextZone" DESCRIPTION="block type MarginTextZone"/><OtherTag ID="BT14" LABEL="MusicZone" DESCRIPTION="block type MusicZone"/><OtherTag ID="BT15" LABEL="NumberingZone" DESCRIPTION="block type NumberingZone"/><OtherTag ID="BT17" LABEL="QuireMarksZone" DESCRIPTION="block type QuireMarksZone"/><OtherTag ID="BT18" LABEL="RunningTitleZone" DESCRIPTION="block type RunningTitleZone"/><OtherTag ID="BT19" LABEL="SealZone" DESCRIPTION="block type SealZone"/><OtherTag ID="BT20" LABEL="StampZone" DESCRIPTION="block type StampZone"/><OtherTag ID="BT21" LABEL="TableZone" DESCRIPTION="block type TableZone"/><OtherTag ID="BT22" LABEL="TitlePageZone" DESCRIPTION="block type TitlePageZone"/>
    <OtherTag ID="LT7" LABEL="CustomLine" DESCRIPTION="line type CustomLine"/><OtherTag ID="LT8" LABEL="DefaultLine" DESCRIPTION="line type DefaultLine"/><OtherTag ID="LT9" LABEL="DropCapitalLine" DESCRIPTION="line type DropCapitalLine"/><OtherTag ID="LT10" LABEL="HeadingLine" DESCRIPTION="line type HeadingLine"/><OtherTag ID="LT11" LABEL="InterlinearLine" DESCRIPTION="line type InterlinearLine"/><OtherTag ID="LT12" LABEL="MusicLine" DESCRIPTION="line type MusicLine"/><OtherTag ID="LT1074" LABEL="default" DESCRIPTION="line type default"/>
  </Tags>
  <Layout>
    <Page WIDTH="933"
          HEIGHT="1532"
          PHYSICAL_IMG_NR="87"
          ID="eSc_dummypage_">
      <PrintSpace HPOS="0"
                  VPOS="0"
                  WIDTH="933"
                  HEIGHT="1532">
        <TextBlock HPOS="114"
                   VPOS="6"
                   WIDTH="104"
                   HEIGHT="64"
                   ID="eSc_textblock_d52302cd"
                   TAGREFS="BT15">
          <Shape><Polygon POINTS="114 6 114 70 218 70 218 6"/></Shape>
          <TextLine ID="eSc_line_7e9c0960"
                    TAGREFS="LT8"
                    BASELINE="140 46 210 49" 
                    HPOS="138"
                    VPOS="3"
                    WIDTH="71"
                    HEIGHT="53">
            <Shape><Polygon POINTS="139 45 138 56 208 56 209 48 207 3 178 16 161 8 159 8 158 8 139 11 139 45"/></Shape>
            <String CONTENT="84"
                    HPOS="138"
                    VPOS="3"
                    WIDTH="71"
                    HEIGHT="53"
                    WC="0.9985087811946869"></String>
          </TextLine>
        </TextBlock>
        <TextBlock HPOS="59"
                   VPOS="49"
                   WIDTH="864"
                   HEIGHT="1209"
                   ID="eSc_textblock_2c411973"
                   TAGREFS="BT12">
          <Shape><Polygon POINTS="59 49 59 1258 923 1258 923 49"/></Shape>
          <TextLine ID="eSc_line_bceaabd4"
                    TAGREFS="LT8"
                    BASELINE="97 94 686 94" 
                    HPOS="97"
                    VPOS="57"
                    WIDTH="589"
                    HEIGHT="57">
            <Shape><Polygon POINTS="684 66 675 64 667 63 658 63 650 63 649 62 571 65 565 61 565 61 556 61 548 61 539 60 531 60 522 60 491 65 475 58 471 58 467 58 459 66 444 66 386 57 385 57 384 57 383 57 375 64 310 65 299 57 298 57 297 57 281 57 280 57 280 57 279 57 269 66 260 66 251 58 251 58 250 58 226 57 225 57 224 57 223 57 223 58 217 64 211 61 210 61 209 61 208 61 200 65 190 57 189 57 188 57 174 57 173 57 172 57 143 65 128 57 127 57 109 57 108 57 108 57 107 57 97 64 97 94 97 114 126 114 126 114 127 114 128 114 141 106 160 106 168 113 168 114 169 114 170 114 171 114 171 114 190 108 223 114 224 114 244 114 244 114 245 114 246 114 253 108 261 114 262 114 263 114 263 114 313 106 338 106 347 113 347 114 348 114 349 114 349 114 374 114 374 114 375 114 376 114 383 108 390 112 391 112 392 112 393 112 408 106 451 106 459 113 459 114 460 114 461 114 462 114 482 114 482 114 483 114 498 106 618 114 618 114 657 106 669 114 669 114 670 114 671 114 686 114 686 94 686 66 684 66"/></Shape>
            <String CONTENT="Ou l’eſſoir a prins fondement."
                    HPOS="97"
                    VPOS="57"
                    WIDTH="589"
                    HEIGHT="57"
                    WC="0.9720708052317302"></String>
          </TextLine>
          <TextLine ID="eSc_line_b224d4dd"
                    TAGREFS="LT8"
                    BASELINE="131 139 742 142 794 145" 
                    HPOS="131"
                    VPOS="104"
                    WIDTH="663"
                    HEIGHT="59">
            <Shape><Polygon POINTS="785 115 777 113 768 110 760 108 757 107 619 114 609 106 608 106 607 106 606 106 606 106 581 114 534 106 533 106 449 113 426 105 425 105 408 105 407 105 406 105 406 105 394 113 365 108 364 108 340 113 324 106 323 106 322 106 321 106 320 106 314 112 241 113 211 106 210 106 209 106 195 109 189 104 188 104 188 104 131 104 131 139 131 154 240 152 268 160 269 160 269 160 270 160 297 153 325 160 326 160 326 161 417 161 417 160 417 160 418 160 429 154 448 154 480 161 480 161 481 161 482 161 497 155 547 161 548 161 549 161 549 161 559 155 584 161 585 161 586 161 610 154 633 154 651 162 652 162 652 162 653 162 680 154 709 159 710 159 739 154 754 162 755 162 755 163 793 163 794 145 793 116 785 115"/></Shape>
            <String CONTENT="Pour vn temps Dieu le mal endure,"
                    HPOS="131"
                    VPOS="104"
                    WIDTH="663"
                    HEIGHT="59"
                    WC="0.9920928351806871"></String>
          </TextLine>
          <TextLine ID="eSc_line_d9f03f5f"
                    TAGREFS="LT8"
                    BASELINE="100 188 723 191" 
                    HPOS="99"
                    VPOS="152"
                    WIDTH="624"
                    HEIGHT="54">
            <Shape><Polygon POINTS="100 188 99 203 168 204 169 204 170 204 171 204 171 203 177 198 200 198 209 204 210 204 211 204 211 204 245 200 263 205 263 205 264 205 299 200 312 205 313 205 314 205 363 203 364 203 365 203 372 199 383 205 383 205 384 205 408 205 408 205 409 205 410 205 417 200 458 200 466 205 467 205 468 205 469 205 469 205 489 200 496 205 496 205 497 205 497 205 498 205 536 200 567 206 568 206 617 201 644 206 645 206 646 206 646 206 654 200 721 204 723 191 722 164 700 164 683 154 682 154 591 154 590 154 589 154 569 163 533 156 532 156 532 156 512 162 482 157 481 157 480 157 469 163 430 163 423 156 422 156 421 156 420 156 306 161 297 155 297 155 296 155 295 155 263 161 238 152 237 152 236 152 190 160 167 152 166 152 100 152 100 188"/></Shape>
            <String CONTENT="Attendant que nous retournons,"
                    HPOS="99"
                    VPOS="152"
                    WIDTH="624"
                    HEIGHT="54"
                    WC="0.9703831255435944"></String>
          </TextLine>
          <TextLine ID="eSc_line_b70d5630"
                    TAGREFS="LT8"
                    BASELINE="102 235 758 238" 
                    HPOS="101"
                    VPOS="199"
                    WIDTH="657"
                    HEIGHT="56">
            <Shape><Polygon POINTS="102 235 101 244 140 251 141 251 178 245 204 253 205 253 206 253 280 251 280 251 281 251 290 245 331 246 339 252 340 252 341 252 342 252 343 252 343 252 351 246 383 246 401 252 402 252 403 252 442 246 452 254 453 254 454 254 455 254 480 251 601 255 602 255 603 255 623 247 631 251 632 251 633 251 664 247 756 252 758 238 757 211 686 211 673 200 672 200 671 200 670 200 669 200 652 209 624 200 623 200 623 200 622 200 605 210 542 210 495 205 494 205 469 209 462 205 461 205 460 205 459 205 405 209 384 200 383 200 383 200 323 205 315 200 315 199 314 199 314 199 216 199 215 199 186 205 178 199 177 199 177 199 102 199 102 235"/></Shape>
            <String CONTENT="Mais quand il voit que trop il dure,"
                    HPOS="101"
                    VPOS="199"
                    WIDTH="657"
                    HEIGHT="56"
                    WC="0.984162848856714"></String>
          </TextLine>
          <TextLine ID="eSc_line_ff80c0b6"
                    TAGREFS="LT8"
                    BASELINE="103 282 724 287" 
                    HPOS="103"
                    VPOS="248"
                    WIDTH="621"
                    HEIGHT="57">
            <Shape><Polygon POINTS="103 282 103 299 114 294 135 294 145 301 146 301 147 301 148 301 236 295 247 302 248 302 249 302 250 302 282 296 290 302 291 302 291 302 292 302 325 297 339 302 340 302 341 302 342 302 365 296 412 296 436 303 437 303 438 304 470 304 470 303 471 303 492 297 505 303 506 303 507 303 536 297 563 297 575 304 576 304 577 304 578 305 603 305 603 304 604 304 605 304 613 298 634 298 640 303 641 303 641 303 642 303 643 303 655 298 722 303 724 287 721 255 710 258 685 251 684 251 683 251 682 251 661 260 623 260 556 259 545 251 544 251 543 251 543 251 542 251 524 256 517 251 517 250 516 250 515 250 515 250 455 257 424 253 423 253 377 257 331 249 330 249 297 253 287 248 286 248 249 248 248 248 247 248 229 256 207 250 206 250 206 250 205 250 204 250 195 255 171 251 171 251 148 255 141 249 140 249 139 249 138 249 103 249 103 282"/></Shape>
            <String CONTENT="Et que de plus nous deſtournons,"
                    HPOS="103"
                    VPOS="248"
                    WIDTH="621"
                    HEIGHT="57"
                    WC="0.9968877471983433"></String>
          </TextLine>
          <TextLine ID="eSc_line_c4a58815"
                    TAGREFS="LT8"
                    BASELINE="101 331 435 330" 
                    HPOS="100"
                    VPOS="293"
                    WIDTH="335"
                    HEIGHT="56">
            <Shape><Polygon POINTS="101 331 101 342 137 340 165 348 166 348 167 349 196 349 196 348 197 348 216 342 223 347 224 347 225 347 226 347 227 347 246 340 273 346 274 346 274 346 302 339 325 346 326 346 326 346 372 339 390 348 391 348 392 348 435 347 435 330 433 297 390 293 389 293 389 293 376 300 354 293 354 293 353 293 352 293 351 293 341 300 297 301 288 294 288 293 287 293 286 293 272 293 271 293 270 293 243 302 163 302 154 294 153 294 152 294 151 294 150 294 149 294 137 302 115 294 114 294 114 294 100 296 101 331"/></Shape>
            <String CONTENT="Par grand rudeſſe"
                    HPOS="100"
                    VPOS="293"
                    WIDTH="335"
                    HEIGHT="56"
                    WC="0.9859044446664698"></String>
          </TextLine>
          <TextLine ID="eSc_line_4468bcf8"
                    TAGREFS="LT8"
                    BASELINE="100 375 415 378" 
                    HPOS="99"
                    VPOS="339"
                    WIDTH="316"
                    HEIGHT="56">
            <Shape><Polygon POINTS="100 375 99 388 107 393 108 393 108 393 109 393 110 393 124 388 168 388 184 394 185 394 186 394 263 389 304 394 305 394 306 394 326 389 338 394 339 394 340 394 341 394 351 390 363 395 364 395 365 395 387 391 413 395 415 378 414 354 394 354 383 343 383 342 383 342 382 342 381 342 380 342 356 350 302 347 301 347 300 347 283 352 275 345 275 344 274 344 274 344 273 344 272 344 255 349 230 341 229 341 228 341 228 341 227 341 215 351 181 351 161 342 160 342 160 342 159 342 151 345 146 340 145 340 144 340 100 339 100 375"/></Shape>
            <String CONTENT="Il nous renuerſe,"
                    HPOS="99"
                    VPOS="339"
                    WIDTH="316"
                    HEIGHT="56"
                    WC="0.9980258065111497"></String>
          </TextLine>
          <TextLine ID="eSc_line_30fc8475"
                    TAGREFS="LT8"
                    BASELINE="102 424 552 426 738 430" 
                    HPOS="101"
                    VPOS="387"
                    WIDTH="637"
                    HEIGHT="57">
            <Shape><Polygon POINTS="738 401 706 401 694 393 693 393 692 393 660 390 659 390 658 390 635 400 603 389 602 389 542 389 541 389 540 389 513 400 495 400 479 388 478 388 477 388 441 388 440 388 440 388 416 399 335 394 334 394 300 398 294 394 293 394 292 394 291 394 241 398 217 387 217 387 216 387 148 394 138 387 137 387 137 387 136 387 135 387 134 387 122 394 102 394 102 424 101 437 144 440 145 440 146 440 159 434 203 434 277 441 278 441 308 435 334 441 335 441 336 441 354 436 408 436 435 441 435 441 436 441 437 441 443 436 466 436 486 443 486 443 487 444 530 444 530 443 531 443 532 443 540 437 601 437 648 444 649 444 690 440 737 444 738 430 738 402 738 401"/></Shape>
            <String CONTENT="Monſtrant que c’eſt luy ſeulement,"
                    HPOS="101"
                    VPOS="387"
                    WIDTH="637"
                    HEIGHT="57"
                    WC="0.9792644101030686"></String>
          </TextLine>
          <TextLine ID="eSc_line_ba965cbc"
                    TAGREFS="LT8"
                    BASELINE="103 473 641 475" 
                    HPOS="103"
                    VPOS="434"
                    WIDTH="538"
                    HEIGHT="63">
            <Shape><Polygon POINTS="103 473 103 484 120 485 130 493 130 494 131 494 131 494 132 495 175 495 175 494 176 494 194 485 217 485 223 491 223 491 224 491 225 491 226 491 265 486 331 491 332 491 333 491 347 486 360 495 360 495 361 495 362 495 363 495 386 486 400 495 400 495 401 495 402 495 464 490 474 496 475 496 475 496 476 497 515 497 515 496 515 496 539 487 569 491 570 491 617 487 626 495 626 496 627 496 628 496 629 496 629 496 641 492 641 475 641 446 536 446 526 441 526 441 525 441 505 445 497 440 497 439 497 439 496 439 495 439 494 439 493 439 493 440 486 446 465 446 437 438 436 438 435 438 435 438 434 438 423 445 412 435 411 435 410 435 409 435 408 435 395 442 365 436 364 436 363 436 362 436 348 445 331 445 320 435 320 435 319 435 318 435 317 435 294 445 275 434 274 434 274 434 273 434 251 441 238 434 237 434 236 434 235 434 223 440 212 434 211 434 175 434 174 434 173 434 163 440 143 434 143 434 142 434 103 436 103 473"/></Shape>
            <String CONTENT="Qui fait Iuſtice &amp; Iugement."
                    HPOS="103"
                    VPOS="434"
                    WIDTH="538"
                    HEIGHT="63"
                    WC="0.985570524420057"></String>
          </TextLine>
          <TextLine ID="eSc_line_1a4f9cb7"
                    TAGREFS="LT10"
                    BASELINE="166 564 792 571" 
                    HPOS="166"
                    VPOS="525"
                    WIDTH="626"
                    HEIGHT="65">
            <Shape><Polygon POINTS="778 533 777 533 776 533 775 533 775 534 768 540 752 540 733 530 732 530 712 528 670 528 669 528 668 528 655 537 635 538 609 538 595 527 594 527 593 527 592 527 568 537 550 537 532 526 531 526 530 526 466 530 465 530 450 536 435 525 434 525 383 525 382 525 345 535 318 535 301 526 300 526 299 526 298 526 276 534 246 528 192 533 166 528 166 564 166 577 201 574 220 583 221 583 222 583 223 583 232 576 263 575 281 584 282 584 283 584 284 584 295 578 349 584 350 584 370 576 400 576 479 588 480 588 520 578 531 583 532 583 533 583 543 580 555 588 556 588 557 588 558 588 591 581 601 588 602 588 635 589 636 590 669 590 669 589 670 589 671 589 686 579 714 590 715 590 716 590 717 590 734 580 758 580 771 586 772 586 773 586 791 580 792 571 792 546 788 536"/></Shape>
            <String CONTENT="Sur le chant, Vous pcrdez tem ps de me"
                    HPOS="166"
                    VPOS="525"
                    WIDTH="626"
                    HEIGHT="65"
                    WC="0.9830822960326546"></String>
          </TextLine>
          <TextLine ID="eSc_line_f84ac39d"
                    TAGREFS="LT10"
                    BASELINE="217 611 456 615" 
                    HPOS="216"
                    VPOS="573"
                    WIDTH="240"
                    HEIGHT="59">
            <Shape><Polygon POINTS="216 622 303 622 319 630 320 630 321 630 322 630 346 624 364 631 365 631 429 632 430 632 431 632 455 623 456 615 456 587 429 587 420 577 419 577 418 577 407 576 406 576 390 581 385 577 384 577 383 577 333 576 332 576 331 576 312 584 266 584 259 577 258 577 257 577 231 573 230 573 229 573 228 573 217 580 217 611"/></Shape>
            <String CONTENT="dire mal d’elle."
                    HPOS="216"
                    VPOS="573"
                    WIDTH="240"
                    HEIGHT="59"
                    WC="0.9298049174249172"></String>
          </TextLine>
          <TextLine ID="eSc_line_d998314d"
                    TAGREFS="LT10"
                    BASELINE="107 659 898 663" 
                    HPOS="106"
                    VPOS="623"
                    WIDTH="792"
                    HEIGHT="59">
            <Shape><Polygon POINTS="881 635 876 633 833 626 832 626 831 626 801 635 767 626 766 626 632 625 631 625 630 625 610 635 586 635 499 624 498 624 497 624 477 634 413 634 400 628 399 628 398 628 370 634 335 628 334 628 305 634 285 627 284 627 283 627 282 627 270 634 232 634 208 632 192 623 191 623 157 623 156 623 155 623 140 631 129 624 128 624 127 624 126 624 107 624 107 659 106 674 245 672 254 676 255 676 256 676 292 672 308 680 309 680 310 680 325 673 356 673 397 680 398 680 454 673 467 680 468 680 469 680 488 680 541 674 600 680 601 680 612 674 624 679 625 679 626 679 663 674 673 680 674 680 675 680 701 681 702 682 754 682 754 681 755 681 773 676 863 681 864 681 898 675 898 663 898 641 890 638"/></Shape>
            <String CONTENT="Exhortation, aux princes &amp; iuges, de deſiſter à per¬"
                    HPOS="106"
                    VPOS="623"
                    WIDTH="792"
                    HEIGHT="59"
                    WC="0.9919836689841073"></String>
          </TextLine>
          <TextLine ID="eSc_line_ea3d73fc"
                    TAGREFS="LT10"
                    BASELINE="215 708 686 711" 
                    HPOS="214"
                    VPOS="671"
                    WIDTH="472"
                    HEIGHT="60">
            <Shape><Polygon POINTS="214 728 240 725 247 730 248 730 249 730 250 731 293 731 293 730 294 730 295 730 303 723 390 725 399 731 400 731 401 731 430 731 431 731 432 731 441 724 467 731 468 731 469 731 537 725 585 731 586 731 686 727 686 711 686 683 629 683 621 674 620 674 619 674 618 674 575 682 568 677 567 677 566 677 521 681 509 673 508 673 507 673 506 673 457 678 434 672 433 672 399 672 398 672 397 672 396 672 385 680 374 672 373 672 372 672 328 680 309 673 308 673 307 673 252 680 243 672 243 671 242 671 241 671 215 671 215 708"/></Shape>
            <String CONTENT="ſecuter Chriſt en ſes membres."
                    HPOS="214"
                    VPOS="671"
                    WIDTH="472"
                    HEIGHT="60"
                    WC="0.9912003616491953"></String>
          </TextLine>
          <TextLine ID="eSc_line_a9f3aa36"
                    TAGREFS="LT8"
                    BASELINE="205 799 400 801 896 808" 
                    HPOS="204"
                    VPOS="753"
                    WIDTH="691"
                    HEIGHT="73">
            <Shape><Polygon POINTS="204 797 205 818 213 813 232 820 301 822 305 822 314 813 350 813 373 820 398 813 442 822 478 814 497 824 605 817 619 826 667 817 704 824 732 819 770 826 774 826 782 818 893 823 895 806 894 774 802 772 789 759 745 759 733 769 719 759 686 764 670 758 665 758 650 769 604 762 557 769 467 757 453 767 401 768 366 754 334 767 304 753 221 753 204 762 204 797"/></Shape>
            <String CONTENT="Ous perdez temps, o Iuges de la terre"
                    HPOS="204"
                    VPOS="753"
                    WIDTH="691"
                    HEIGHT="73"
                    WC="0.9813831303570721"></String>
          </TextLine>
          <TextLine ID="eSc_line_e006df20"
                    TAGREFS="LT8"
                    BASELINE="190 846 895 857" 
                    HPOS="189"
                    VPOS="812"
                    WIDTH="706"
                    HEIGHT="62">
            <Shape><Polygon POINTS="190 846 189 854 221 862 222 862 223 862 241 857 259 863 260 863 261 863 294 857 321 857 345 865 346 865 347 866 386 866 386 865 387 865 405 859 419 864 420 864 421 864 491 860 515 864 515 864 539 861 557 867 558 867 559 867 560 867 577 863 663 870 663 870 664 870 665 870 673 865 682 870 683 870 744 872 744 872 789 865 843 865 893 874 895 857 895 829 888 826 887 826 887 826 886 826 864 831 852 823 852 823 851 823 795 821 794 821 793 821 770 829 743 821 742 821 741 821 740 821 714 828 689 828 681 823 681 823 680 823 679 823 601 827 586 817 585 817 584 817 583 817 522 825 456 825 448 820 447 820 446 820 446 820 393 823 341 813 340 813 339 813 314 822 267 822 255 812 254 812 253 812 214 812 213 812 212 812 190 820 190 846"/></Shape>
            <String CONTENT="De conſpirer cõtre Dieu tout puiſſant"
                    HPOS="189"
                    VPOS="812"
                    WIDTH="706"
                    HEIGHT="62"
                    WC="0.9650164121075681"></String>
          </TextLine>
          <TextLine ID="eSc_line_8298af26"
                    TAGREFS="LT8"
                    BASELINE="107 897 467 897 807 903" 
                    HPOS="106"
                    VPOS="857"
                    WIDTH="701"
                    HEIGHT="57">
            <Shape><Polygon POINTS="106 908 805 914 807 903 807 875 720 875 714 870 713 870 712 870 711 870 611 874 589 861 589 861 588 861 587 861 552 862 551 862 523 873 498 860 497 860 416 860 415 860 414 860 397 868 359 861 358 861 357 861 321 871 302 870 286 858 286 858 285 858 265 858 264 858 263 858 240 868 228 864 228 864 227 864 226 864 215 870 188 857 187 857 186 857 140 867 108 857 107 897 106 908"/></Shape>
            <String CONTENT="Et ſes enfans, leur faiſant dure guerre."
                    HPOS="106"
                    VPOS="857"
                    WIDTH="701"
                    HEIGHT="57"
                    WC="0.9926323413848877"></String>
          </TextLine>
          <TextLine ID="eSc_line_d778b6fd"
                    TAGREFS="LT8"
                    BASELINE="108 945 339 944 835 951" 
                    HPOS="108"
                    VPOS="908"
                    WIDTH="727"
                    HEIGHT="59">
            <Shape><Polygon POINTS="108 945 108 955 146 954 170 960 171 960 171 960 172 960 183 955 223 955 238 961 239 961 240 961 350 956 367 962 368 962 369 962 415 959 434 964 435 964 435 964 477 963 478 963 479 963 486 958 549 965 549 965 550 965 566 959 584 959 595 966 596 966 597 966 598 966 625 960 675 966 675 966 718 960 782 967 783 967 834 964 835 951 835 924 801 924 755 912 754 912 709 922 687 918 686 918 651 921 634 911 633 911 632 911 631 911 609 913 608 913 607 913 595 921 523 921 506 909 505 909 504 909 488 909 487 909 486 909 463 920 426 908 425 908 424 908 380 914 355 908 354 908 309 908 308 908 307 908 293 914 271 909 270 909 269 909 240 917 177 917 158 908 157 908 156 908 155 908 145 913 108 913 108 945"/></Shape>
            <String CONTENT="Pour oppreſſer la palme, en la preſſant."
                    HPOS="108"
                    VPOS="908"
                    WIDTH="727"
                    HEIGHT="59"
                    WC="0.9980694249272346"></String>
          </TextLine>
          <TextLine ID="eSc_line_1fb9bf66"
                    TAGREFS="LT8"
                    BASELINE="108 991 555 994" 
                    HPOS="108"
                    VPOS="953"
                    WIDTH="447"
                    HEIGHT="57">
            <Shape><Polygon POINTS="108 991 108 1000 164 1007 165 1007 204 1001 241 1008 242 1008 292 1004 310 1007 311 1007 312 1007 331 1002 347 1007 348 1007 349 1007 385 1003 397 1009 398 1009 479 1010 480 1010 480 1010 504 1004 553 1010 555 994 554 966 538 964 529 956 529 955 528 955 527 955 506 955 505 955 504 955 503 955 488 966 427 966 412 954 412 954 411 954 410 954 372 955 371 955 370 955 355 965 311 965 293 954 292 954 291 954 291 954 290 954 267 960 256 954 255 954 211 953 211 953 210 953 176 964 143 964 134 955 134 954 133 954 132 954 131 954 108 959 108 991"/></Shape>
            <String CONTENT="Certes plus on la preſſe,"
                    HPOS="108"
                    VPOS="953"
                    WIDTH="447"
                    HEIGHT="57"
                    WC="0.9913069844245911"></String>
          </TextLine>
          <TextLine ID="eSc_line_e3945d5e"
                    TAGREFS="LT8"
                    BASELINE="109 1040 555 1041" 
                    HPOS="108"
                    VPOS="1001"
                    WIDTH="447"
                    HEIGHT="55">
            <Shape><Polygon POINTS="109 1040 108 1048 151 1049 156 1054 156 1055 157 1055 158 1055 159 1055 160 1055 160 1055 168 1050 183 1050 188 1054 188 1055 189 1055 190 1055 191 1055 192 1055 193 1055 200 1050 207 1055 208 1055 209 1055 210 1055 211 1055 222 1051 244 1055 245 1055 246 1055 257 1051 261 1054 261 1055 262 1055 263 1055 263 1055 391 1051 416 1056 417 1056 417 1056 418 1056 427 1051 463 1056 463 1056 464 1056 483 1051 543 1056 543 1056 544 1056 555 1051 555 1041 555 1006 498 1002 497 1002 497 1002 487 1006 482 1002 481 1002 480 1002 480 1002 479 1002 478 1002 464 1011 456 1003 456 1002 455 1002 454 1002 453 1002 452 1002 435 1010 427 1003 427 1002 426 1002 425 1002 424 1002 382 1007 349 1002 348 1002 347 1002 346 1002 346 1003 336 1012 313 1012 301 1001 300 1001 299 1001 298 1001 297 1001 278 1012 217 1012 210 1005 210 1004 209 1004 208 1004 207 1004 206 1004 206 1004 194 1011 149 1011 126 1001 125 1001 125 1001 124 1001 109 1006 109 1040"/></Shape>
            <String CONTENT="De tant plus ſe redreſſe."
                    HPOS="108"
                    VPOS="1001"
                    WIDTH="447"
                    HEIGHT="55"
                    WC="0.9837867546081543"></String>
          </TextLine>
          <TextLine ID="eSc_line_f87b7e02"
                    TAGREFS="LT8"
                    BASELINE="108 1086 665 1091" 
                    HPOS="108"
                    VPOS="1048"
                    WIDTH="557"
                    HEIGHT="58">
            <Shape><Polygon POINTS="662 1058 653 1056 647 1053 641 1057 637 1053 637 1052 636 1052 635 1052 635 1052 618 1056 550 1050 549 1050 507 1060 480 1049 479 1049 478 1049 416 1050 415 1050 397 1059 372 1059 349 1048 349 1048 348 1048 347 1048 323 1058 228 1058 211 1050 211 1050 210 1050 209 1050 189 1057 162 1048 161 1048 160 1048 108 1052 108 1086 108 1097 166 1102 167 1102 196 1097 223 1103 223 1103 224 1103 242 1097 289 1097 295 1103 295 1103 296 1103 297 1103 297 1103 298 1103 309 1098 327 1098 333 1103 334 1103 335 1103 336 1103 337 1103 349 1098 361 1103 362 1103 363 1103 364 1103 365 1103 371 1098 423 1098 428 1103 429 1103 429 1103 430 1103 461 1099 481 1105 482 1105 483 1105 549 1102 572 1106 573 1106 647 1101 663 1106 665 1091 665 1059 662 1058"/></Shape>
            <String CONTENT="Dont vous vient telle audace?"
                    HPOS="108"
                    VPOS="1048"
                    WIDTH="557"
                    HEIGHT="58"
                    WC="0.9890811998268654"></String>
          </TextLine>
          <TextLine ID="eSc_line_a4816804"
                    TAGREFS="LT8"
                    BASELINE="109 1134 531 1136" 
                    HPOS="108"
                    VPOS="1097"
                    WIDTH="423"
                    HEIGHT="55">
            <Shape><Polygon POINTS="108 1143 129 1148 130 1148 131 1148 140 1144 158 1151 159 1151 160 1151 234 1144 240 1150 240 1151 241 1151 242 1151 243 1151 306 1147 319 1152 320 1152 320 1152 321 1152 347 1145 380 1152 381 1152 418 1145 440 1151 440 1151 441 1151 442 1151 457 1145 497 1150 497 1150 530 1144 531 1136 530 1109 505 1109 496 1100 496 1099 495 1099 494 1099 493 1099 394 1108 372 1099 372 1099 371 1099 370 1099 369 1099 355 1109 328 1109 313 1097 312 1097 311 1097 276 1097 275 1097 274 1097 254 1108 204 1108 194 1098 194 1097 193 1097 192 1097 191 1097 125 1101 110 1097 109 1134 108 1143"/></Shape>
            <String CONTENT="Ceſſez voſtre menace:"
                    HPOS="108"
                    VPOS="1097"
                    WIDTH="423"
                    HEIGHT="55"
                    WC="0.9945042104948134"></String>
          </TextLine>
          <TextLine ID="eSc_line_0a6df7d1"
                    TAGREFS="LT8"
                    BASELINE="109 1182 645 1188 900 1194" 
                    HPOS="109"
                    VPOS="1143"
                    WIDTH="791"
                    HEIGHT="68">
            <Shape><Polygon POINTS="893 1160 859 1154 858 1154 850 1153 847 1152 818 1160 789 1149 788 1149 739 1149 738 1149 738 1149 737 1149 725 1156 657 1147 590 1146 589 1146 589 1146 565 1156 481 1156 469 1146 468 1146 467 1146 466 1146 388 1154 354 1145 353 1145 352 1145 351 1145 337 1151 307 1143 306 1143 305 1143 274 1145 274 1145 260 1152 242 1145 241 1145 240 1145 240 1145 223 1151 136 1146 135 1146 109 1149 109 1182 109 1195 289 1194 314 1200 314 1200 315 1200 316 1200 330 1196 357 1204 358 1204 414 1205 415 1206 467 1206 467 1205 503 1197 536 1203 537 1203 538 1203 550 1198 609 1198 616 1203 617 1203 618 1203 618 1203 710 1200 744 1209 744 1209 745 1209 776 1206 822 1210 823 1210 824 1210 844 1205 869 1209 870 1209 870 1209 881 1205 898 1211 900 1194 897 1169 893 1160"/></Shape>
            <String CONTENT="Car en brieftẽps, Dieu vous viẽdra deſtruire"
                    HPOS="109"
                    VPOS="1143"
                    WIDTH="791"
                    HEIGHT="68"
                    WC="0.980222216118937"></String>
          </TextLine>
          <TextLine ID="eSc_line_4916d373"
                    TAGREFS="LT8"
                    BASELINE="109 1231 705 1240" 
                    HPOS="108"
                    VPOS="1192"
                    WIDTH="597"
                    HEIGHT="64">
            <Shape><Polygon POINTS="109 1231 108 1245 180 1249 181 1249 182 1249 199 1244 209 1247 210 1247 211 1247 338 1243 349 1251 350 1251 351 1251 352 1252 366 1252 366 1251 367 1251 390 1245 399 1250 400 1250 400 1250 401 1250 402 1250 417 1246 435 1251 436 1251 437 1251 463 1245 488 1253 489 1253 490 1253 524 1246 538 1253 539 1253 540 1253 573 1250 587 1254 588 1254 589 1254 589 1254 590 1254 598 1249 603 1253 604 1253 605 1253 606 1253 645 1250 704 1256 705 1240 705 1211 638 1197 570 1196 569 1196 568 1196 550 1202 543 1196 543 1196 542 1196 489 1195 488 1195 487 1195 486 1195 467 1207 429 1203 428 1203 372 1206 361 1201 360 1201 360 1201 359 1201 348 1206 334 1194 334 1193 333 1193 332 1193 331 1193 331 1193 300 1205 277 1205 251 1192 250 1192 249 1192 222 1193 221 1193 220 1193 208 1203 161 1203 140 1192 139 1192 138 1192 109 1194 109 1231"/></Shape>
            <String CONTENT="Si perſiſtez à prouoquer ſon ire."
                    HPOS="108"
                    VPOS="1192"
                    WIDTH="597"
                    HEIGHT="64"
                    WC="0.9859485345728257"></String>
          </TextLine>
        </TextBlock>
        <TextBlock HPOS="94"
                   VPOS="745"
                   WIDTH="116"
                   HEIGHT="119"
                   ID="eSc_textblock_e7578169"
                   TAGREFS="BT10">
          <Shape><Polygon POINTS="94 745 94 864 210 864 210 745"/></Shape>
          <TextLine ID="eSc_line_3d780b13"
                    TAGREFS="LT9"
                    BASELINE="111 837 189 837" 
                    HPOS="109"
                    VPOS="748"
                    WIDTH="78"
                    HEIGHT="107">
            <Shape><Polygon POINTS="182 763 162 753 161 753 159 753 140 757 111 748 109 836 109 855 187 851 187 836 187 801 186 801"/></Shape>
            <String CONTENT="V"
                    HPOS="109"
                    VPOS="748"
                    WIDTH="78"
                    HEIGHT="107"
                    WC="0.9991403818130493"></String>
          </TextLine>
        </TextBlock>
        <TextBlock HPOS="798"
                   VPOS="1237"
                   WIDTH="125"
                   HEIGHT="84"
                   ID="eSc_textblock_0c0f9f9d"
                   TAGREFS="BT17">
          <Shape><Polygon POINTS="798 1237 798 1321 923 1321 923 1237"/></Shape>
          <TextLine ID="eSc_line_c3add6ab"
                    TAGREFS="LT8"
                    BASELINE="822 1291 909 1289" 
                    HPOS="819"
                    VPOS="1242"
                    WIDTH="89"
                    HEIGHT="67">
            <Shape><Polygon POINTS="821 1290 821 1302 851 1302 858 1308 858 1309 860 1309 861 1309 862 1309 908 1306 908 1288 906 1247 884 1242 883 1242 881 1242 819 1249 821 1290"/></Shape>
            <String CONTENT="Sur"
                    HPOS="819"
                    VPOS="1242"
                    WIDTH="89"
                    HEIGHT="67"
                    WC="0.9997166792551676"></String>
          </TextLine>
        </TextBlock>
      </PrintSpace>
    </Page>
  </Layout>
</alto>
