947 1557
154 41 43 54 20

109 341 59 113 P

205 74 587 60 Sur le chant. Puis que de uous ie n’ay

406 127 210 55 autre uiſage.

101 167 802 62 Demonſtrant qu'il faut renoncer à tous deſirs char

132 217 770 61 nelz pour recourir à Dieu, qui eſt le ſouuerain

134 262 458 62 bien & conſolation du fidele.

176 347 722 73 Vis que malheur eſt ſur l'’humain ligna¬

163 403 725 64 Rẽdre m’enuoy à dieu qui le deſſert, cge

100 455 656 58 Pour le prier que ſi chaſcun ſe pert

98 504 692 54 A ſon eſcient, ie ne ſouffre dommage,

98 550 765 60 A Dieu la chair, à Dieu mondain ſeruage,

97 598 663 57 A Dieu vous dy monde pernitieux.

97 648 763 56 Ie n’ay pas eu de vous grand aduantage,

96 692 798 69 Du Seigneur Dieu i’eſpere beaucop mieux.

279 781 412 68 Sur le chant, Le deuil yſſu

99 881 793 61 Declarant ſommairement que c'eſt que penitence &

145 931 626 62 Poy, exhortant le fidele à les practiquer.

185 1024 709 62 'Eſt bien raiſon que facions penitence

187 1073 643 64 Et que croyons à l’Euangile ſainct,

102 1121 747 60 C’eſt ſoy douloir de la mortelle offence.

98 1170 724 61 Dont par la Loy le pecheur eſt attaint,

100 1216 784 60 C’eſt confeſſer, croyre de cueur non faincte

106 1266 757 73 Que Ieſus Chriſt noſtre bon Dieu & Roy

102 1018 83 110 C

856 1307 45 83 A
