951 1552
746 37 37 50 91

50 69 602 61 Deſtruy Satan, qui nous menace

44 120 475 55 Et aſſaut en toute ſaiſon,

51 166 538 56 Que ton filz Ieſus le defface,

49 215 546 58 Comme prions en l'Oraiſon.

85 262 508 58 Noſtre Pere qui es es cieux

52 307 633 60 Qu'vn chaſcun ton Nom ſanctifie.

46 358 636 57 Aduienne ton Royaume heureux.

52 406 509 56 Ta volonté ſoit accomplie,

45 452 693 60 Donne huy le pain pour noſtre vie,

50 500 624 58 Pardonne ainſi que pardonnons,

47 550 455 54 Nul en tentation ne nie

45 594 685 62 Ton nom:mais ſeurs du mal ſoyons.

83 644 472 55 Ainſi ſoit-il Pere eternel

50 690 550 60 Car à toy eſt toute puiſſance:

48 740 470 56 Et le Royaume ſupernel

45 784 577 63 En pleine gloire, & iouyſſance.

49 836 598 57 A touſiours-mais ton excellence

50 884 528 54 Confeſſons en tout examen,

46 929 520 65 En pleine Foy, & confiance.

47 1013 803 75 Du pecheur ſe reſiouyſſant d'auoir laiſſé le monde,

90 1064 754 76 & ſes uanitez, pour ſuyuir Ieſus Chriſt, ſur le

81 1122 570 63 chant. Languiray-ie mais guere, &c.

119 1207 327 66 N ſoulas & lieſſe

113 1264 390 70 Ie finiray mes iours.

56 1209 50 127 E
