952 1555
771 56 37 35 93

77 384 48 121 P

68 72 455 61 De meſpriſer le monde,

62 120 436 57 Et ce corps rremiſſant:

64 166 530 59 Laiſſant le Diable immonde,

65 217 502 60 Suyuray de Chriſt le canc.

112 312 741 62 Sur le chait. Les Boirgvignons ont miz le camf

145 403 541 62 Ar la Loy chaſoun eſt damné,

132 453 576 58 Car n’y a nul qui l’acconipliſſe.

70 502 558 54 Touteſfois Dieu a commandé,

66 551 550 55 Que tout homme luy obeiſſe.

71 599 523 55 Que feray-ie iqui par malice

69 647 596 55 Tranſgreſſe ce commandement?

65 691 510 55 A uſſi par la Loy de iuſtice,

65 741 564 52 Condamné ſuis à damnement.

102 788 591 56 La Loy me promet damnement

64 834 629 51 En pluſieurs lieux dedans la Bible.

66 882 532 55 Si ne fay le commandement

63 926 671 64 De Dieu, qui m’eſt choſe impoſſible.

63 977 546 56 Ieſus Chriſt en ſon Euangile,

65 1023 630 58 Chante bien plus doulce chanſon.

62 1075 539 54 Diſant venez à moy pupile,

64 1121 569 58 Car i’ay payé voſtre ranceon.

113 1170 513 54 Or damné ne ſeray-ie pas,

63 1215 600 58 Car noſtre Dieu & treſbon pere

64 1265 536 63 A ſi bien pourueu à mon cas,
