950 1552
192 18 50 62 94

113 72 512 52 En reparant mon vitupere.

119 116 656 58 Qu'il m'a donné ſon filz pour frere,

116 164 570 57 Qui pour moy a tout ſatiſfaict.

113 212 537 54 Par ſa mort paradis i'eſpere.

112 259 561 59 Il a pour moy la Loy parfaict.

161 307 564 55 Vray reparateur des humains,

111 353 537 52 Et ſeul conſolateur du triſte.

110 402 569 55 Ie te requiers à ioinctes mains,

110 449 513 57 Ne regarder à mon merite.

105 498 522 56 Iamais vn poure ſodomité,

105 544 568 58 Ne fut plus endurcy que moy.

105 593 600 57 Parquoy par la ſentence eſcrite,

104 641 554 53 Damné ie ſuis quant à la Loy.

153 684 615 60 Qu'en dites vous auſſi ſainct Paul,

103 730 470 62 Organe de Dieu eſleuée.

105 778 530 60 Celuy là n'eſt il pas bien fol,

106 828 552 60 Qui contre vous à voix leuée

100 876 594 58 Diſent que par vous eſt donnée,

102 924 594 58 Trop d'eſperance à vn pecheur.

99 970 565 58 Celle parolle eſt bien damnée,

97 1020 604 56 Et procede d'vn cueur menteur.

128 1065 577 62 Reſpondez moy vaiſſeau eſleu,

103 1112 570 64 Qui de Foy portez la lumiere.

104 1162 587 59 Flamboyante comme i'ay leu,

104 1211 544 56 Qui des fideles eſtes lumiere.

100 1258 597 72 Pluſieurs vous iecteront arriere,

811 1310 82 65 Me◊
