946 1557
756 36 44 60 95

56 48 619 74 Meſpriſant voſtre enſeignement

55 101 547 65 Par conuoitiſe menſongiere,

58 149 628 65 Qui de tous maux eſt fondement.

92 195 545 68 Suyuons la treſchaſte Iudich.

50 241 585 69 En delaiſſant ceſt Holopherne,

55 290 558 66 Qui tant de peuples a ſeduict,

51 336 678 72 Diſant, que par luy ſ’ouure & ferme

51 384 467 64 Paradis, lequel i’afferme,

51 432 677 70 Ou pour mieux dire, il le nous vend.

52 479 632 69 Car de l’ouurir il n’eſt pas ferme.

54 528 642 70 Tout ce qu’il en dit n’eſt que vent.

85 575 438 65 Celuy ſà qui l’a acheté,

49 623 617 68 Ne le vend, mais il le nous donne.

49 671 491 59 Par ſa tréſgrande charité,

51 720 541 63 Volontiers à toute perſonne,

54 766 670 71 Qui de bon cueur vers luy ce tourne,

49 817 585 62 Humblement requerant mercy.

51 863 611 64 Gentilz docteurs de la Sorbonne,

51 909 509 66 Confeſſer le vous faut ainſi.

155 1005 541 70 Sur le champ. Vous perdez temps.

142 1089 701 81 Ous perdez tẽpsde mevenirdefendre.

142 1146 649 69 De ne plus voir la dinine eſcriture.

50 1191 794 77 Plus m’en blaſmez, & m'en venez reprẽdre

49 1246 719 82 Plus m’eſiouy, & m’en plaict la lecture:

48 1088 97 108 V
