938 1543
131 9 64 42 98

90 44 563 55 Ce que Dieu nous commande,

89 87 463 57 Faut-il qu’on le defende,

89 137 463 61 Par tormens & menaces?

92 185 490 56 Ceſſez voz grans audaces.

96 229 703 59 Que l’Eternel ne leue ſa main dextre,

97 273 798 63 Pour vous mõſtrer, que luy ſeul eſt le maiſtre

130 324 763 59 Pouoir n’auez, ſi Dieu ne le vous donne,

99 370 652 61 De faire mal à ceſte chair mortelle.

102 418 796 64 Mais pour la mort certes ie ne m’eſtonne.

100 465 800 63 Sachãt pourvray, que l’ame eſt immortelle.

102 519 428 54 La mort fait le paſſage,

103 568 424 52 Pour ſortir de la cage,

109 612 431 57 Ou l’ame eſt enfermée.

108 662 497 56 O mort donc bien heurée.

110 706 687 57 O doulce mort, qui de priſon deliure,

112 756 744 56 Noſtre eſprit, pour le mieux faire viure.

133 799 766 59 Or vienne donc, viẽne la mort heureuſe,

114 848 787 60 Quand il plaira au Seigneur le permettre.

110 897 792 57 Glaiues tranchantz ne flamme doleureuſe,

115 946 763 58 Ne me feront renoncer mon bon maiſtre

114 994 469 60 C’eſt luy par qui i’eſpere,

116 1044 538 54 Voir quelque iour mon Pere,

113 1090 446 56 Clairement face à face:

115 1137 491 57 Helas mais quand ſera-ce?

109 1185 703 68 Non auſſi toſt que mon ame ſouhaite.

823 1230 84 62 Mais
