951 1551
160 38 63 56 6

352 79 171 53 LE VI.

115 118 579 59 Tu ne ſeras iamais fornicateur,

109 162 714 66 Par œuure en faict, ou par vile penſée.

109 216 695 57 Mais marier te faut, c'eſt le plus ſeur,

113 260 723 63 Contre la chair bien nourrie & penſée:

114 308 666 62 Peu de gens ont le don de chaſteté:

113 355 675 64 Mais mariage eſt plein d'honneſteté

111 412 298 53 Et en tout eage

118 459 296 57 Tenir meſnage,

111 507 241 54 En mariage,

110 543 636 72 Eſt trop plus ſainct que paillarder:

112 604 265 55 Concubinage

111 645 374 65 Fait grand outrage

114 697 308 57 Au ſainct vſage,

113 741 533 62 Qui ne veut point ſe marier.

273 786 270 44 LE VII.

122 821 622 57 Tu ne ſeras larron nulle ſaiſon,

115 867 749 64 Des biens d'autruy, heritage ou pecune:

123 919 754 51 Si tu les as, rendz les, c'eſt la raiſon

118 964 748 58 Sans retenir du prochain choſe aucune:

115 1012 723 59 Si tu n'as rien, beſongne de tes mains:

112 1058 760 69 Pour ſubuenir aux poures tes prochains.

112 1109 265 57 Laiſſe auarice

115 1158 278 54 Pleine de vice,

110 1204 260 55 Et ſon office,

115 1254 511 62 C'eſt la racine il eſt certain,

110 1306 270 68 Et la nourrice

794 1344 55 63 De
