4267 6899
3594 356 189 322 87

1453 352 1253 230 La Verité cachee.

674 597 2964 269 Gardez l’Aduent, que les plus ſaincts

678 824 2937 272 Commencẽt au iour de Touſſaincts:

667 1050 2051 249 Auſsi font Septuageſime,

663 1264 2369 253 Auec poiſſons en leur cuiſine:

663 1487 2530 249 Ils ſeront deux degrez plus haut

659 1701 2542 257 En paradis, que ſainct Regnaut.

655 1916 2507 268 Le treſſainct Pape de clemence

647 2142 2178 253 Par argent donnera licence,

644 2360 2426 250 A tous ſes loyaux catholiques,

659 2575 2914 272 Qui n’aiment poiſſons flegmatiques,

640 2797 2883 257 De manger tout ce qu’ils voudront,

659 3016 2937 264 Ou (pour le moins) ce qu’ils pourrõt.

640 3231 2561 245 Mais le ſainct pere excommunie

674 3441 2546 257 Tout faux diſmeur, & qui denie

632 3664 2580 256 Droicts, priuileges, cenſes, rentes,

640 3882 2335 257 Choſes à nous appartenantes.

632 4108 2373 253 Acquitez donc en conſcience

636 4323 2580 261 Les teſtamens: car quand ie penſe

644 4530 2469 276 Comme ſainct Pierre ſe vengea

636 4748 1763 249 D’Anania, & Saphira,

628 4955 2147 269 Le poil en la teſte me dreſſe,

628 5181 2473 280 Pour ce que tenu leur promeſſe

632 5415 2941 269 N’auoyent, tous deux tõberent morts

636 5638 2841 279 Deuant ſainct Pierre, comme porcs:

628 5856 2730 295 Mieux vaudroit manger roſt gaſté

2262 6126 663 190 F .iiii.
