4267 7162
644 397 215 231 40

1472 366 1298 202 La Verité cachee.

760 624 2687 251 Le monde n’euſt iamais que mal.

2018 859 593 203 Aucun.

764 1018 2269 279 Loué ſoit Dieu le Createur,

772 1245 2073 282 Des deſolez conſolateur.

812 1476 2288 274 Toutes richeſſes ie meſpriſe.

784 1714 2340 251 Afin que mieux Verité priſe:

792 1933 2651 227 Car à ſon ſermon fait bon eſtre.

788 2142 2457 275 Ainſi ne parle noſtre preſtre,

784 2387 2925 254 Duquel le peuple fort s’approche.

782 2584 2779 280 Ie ne craindray iamais reproche

806 2823 2761 250 De tout le monde, que n’enſuiue

819 3047 2237 259 La Verité, tant que ie viue.

792 3290 2750 255 Du peuple approcher ie me veux,

796 3521 2658 247 Et ſauray le propos d’entre eux,

804 3736 2217 250 Comment auſsi a agreable

800 3945 2863 268 Ce ſainct ſermon, vray, & notable.

772 4189 2949 267 Mes freres, paix vous doint Ieſus.

847 4408 2099 283 Iamais ſi ioyeux ie ne fuz.

823 4639 777 239 Et vous?

1930 4838 649 250 Ministre.

871 5092 1811 267 Qui appeles tu frere?

827 5315 2866 255 Lourd paiſant, ſans honneur faire

818 5520 2427 269 A moy. Tu es bien familier?

796 5781 2666 247 Suis-ie pas Maiſtre & bachelier,

788 6000 2292 298 Dont tout ſauoir eſt deriué.

3415 6230 473 259 Tu te
