4267 7032
586 382 199 207 82

1387 343 1254 200 La Verité cachee.

683 550 2915 301 Leſquels prient en grand' concorde

687 761 3032 305 Pour tous ceux qui leur font du biẽ:

707 1023 2223 262 Et c’eſt auſsi le vray moyen

699 1230 2204 274 De vous acquerir paradis:

711 1433 2719 305 Combien que pour le temps iadis

746 1656 2411 266 Telle doctrine on ne traittoit:

718 1890 2298 289 Mais tant y a que ſi n’eſtoit

722 2113 2700 289 Ce que nous prions pour les ames

730 2344 2673 281 Des treſpaſſez, les aſpres flammes

742 2570 2434 277 De Purgatoire les ardroyent,

738 2785 3024 285 Plus long temps les tormenteroyent.

750 3008 3012 265 Nous pouuons donc bien cõmander,

750 3219 2915 289 De noſtre Couuent amender

754 3453 2329 277 De pain, de vin, & de viande,

777 3664 3005 301 Qu’on nous donne double prebende.

769 3902 2575 285 Et pourtant ce theme mettons,

765 4129 2630 277 Apportez nous de vos moutons.

777 4344 2138 277 I’ay grand deſir d’eſtudier

777 4574 2442 270 Comment pourray multiplier

773 4785 2493 270 Le bien de noſtre ſainct Egliſe,

777 5020 2399 269 Afin que mon theme deduiſe.

1058 5238 2400 254 Oyez: On vous fait à ſauoir,

812 5465 2614 273 Qu’entre nous auons le pouuoir

785 5688 2735 257 De vous condamner & abſoudre,

816 5914 2595 281 Comme faiſons ceſſer la foudre:

3462 6149 343 234 Car
