4267 6848
3415 342 172 302 69

1259 350 1264 209 La Verité cachee.

574 597 2398 259 Et le Dieu qu’ay fait & formé,

570 856 2383 228 Et qu’en ma boite ay enfermé,

624 1072 2284 213 (Ou toute ma foy eſt encloſe)

574 1289 2341 232 Qu’autre choſe ie ne propoſe,

597 1502 2330 229 Qu’à vous ſeruir en diligence.

544 1712 2744 251 Mais quand bien à Aucun ie penſe:

536 1932 2726 274 Comment pourray-ie à luy parler?

567 2138 1819 232 Verité me faut ſimuler,

521 2358 2154 248 Diſant, que ie la veux tenir:

521 2583 2337 243 Autrement ne voudroit venir

517 2792 2174 251 A moy: car il n’adiouſte foy

502 3016 2432 240 Souuent à telles gens que moy.

506 3218 2204 259 Du Peuple ie n’ay deffiance:

510 3446 2066 236 Car ie le tien en eſperance:

498 3644 2261 263 S’il demande, ie ſeray ſourd:

510 3865 2348 270 Et c’eſt l’eau benite de Court,

502 4101 2360 239 De promettre, & rien ne tenir,

502 4310 2261 262 Ie ſay bien à ce poinct venir.

677 4523 2699 274 Mais il eſt ia temps, ma maiſtreſſe,

529 4751 2877 274 Que vous monſtriez voſtre ſageſſe:

525 4964 2436 289 Querir vous vay des auditeurs.

1644 5236 516 272 Poſe.

1088 5524 1732 224 Il s’en va au Peuple, puis dit:

483 5759 2657 309 Dieu vous aide, bons laboureurs,

2325 6041 644 232 E .iii.

3535 4519 549 246 Il s’adreſ◊

3509 4736 571 202 ſe à Simo◊

3501 4911 278 266 nie.
