4267 7170
645 350 219 299 66

1553 290 1259 243 La Verité cachee.

725 545 2115 307 Ie te pry, laiſſe m’en aller:

729 768 2406 311 Car ie ne te veux plus parler.

1908 1039 578 183 Aucun.

745 1159 3107 334 Puis qu’vn apoſtat veux pour maiſtre

796 1390 2961 334 Tu t’en vas perdre auec ton preſtre.

968 1688 2681 287 Icy Peuple & Aucun ſe retirent: Et Si¬

1075 1864 2570 275 monie, Auarice, & le Curé (qui ſe dit

1071 2071 2674 283 Miniſtre) recommencent leur propos.

1836 2290 626 167 Simonie.

780 2433 2558 323 Miniſtre, il faut au Peuple dire,

796 2680 2486 307 Que pour euiter de Dieu l’ire,

788 2879 3092 319 Fonde vn trentel de ſainct Gregoire,

780 3122 2562 323 Afin qu’on ait de luy memoire.

1892 3369 633 208 Auarice.

800 3537 2403 279 C’eſt bien dit, dame Simonie,

796 3768 2522 310 Il faut que le Peuple on manie,

828 4011 2168 298 Iuſques qu’il ait deuotion

816 4214 2598 315 Fonder quelque groſſe penſion,

800 4433 2670 335 Soit d’argent, ou bled, vin ou lin:

816 4672 2431 295 Car l’eau faut tirer au molin,

836 4899 2164 331 Qui par Verité ſe perdoit.

2055 5134 678 231 Miniſtre.

844 5297 2474 311 O que l’egliſe aimer bien doit

824 5544 2096 275 A faire ſon labeur payer,

832 5771 2299 287 Lequel merite grand loyer!

824 5975 3000 350 Les chants deuots qu’vn coup ie fis,

3426 6182 502 278 Nous
