4267 7131
534 303 226 279 76

1339 332 1256 214 La Verité cachee.

649 586 1728 265 Et a telle Theologie,

665 808 2401 265 Que i’en ay la teſte eſlourdie:

657 1049 2354 234 S’il me diſoit aucune iniure,

637 1275 2485 250 Ie faignois de n’en auoir cure:

645 1501 2207 254 Mais i’ay dit en ſimplicité,

748 1743 2120 249 Qu’icy preſchoit ſa Verité:

637 1972 2195 234 Il ne faudra pas d’y venir,

649 2202 2199 234 Et s’il peuſt le peuple tenir,

633 2412 2219 234 Pas ne faudra de l’amener.

1299 2642 1775 210 Auarice parle au Ministre.

637 2816 2306 238 Si d’Aucun te laiſſes mener,

641 3062 2663 245 Ma ſœur ne moy ne peux ſeruir:

629 3264 2663 253 Pourtant, ſi tu nous veux ſuiuir,

633 3513 2908 246 Nie ſainct Paul, & tous Prophetes,

677 3739 2999 254 Qui n’auoyent ou poſer leurs teſtes:

637 3969 2544 246 Riche ſeras, & grand ſeigneur

633 4203 2901 234 En nous ſeruant de tout ton cœur.

649 4409 2171 261 Tu en verras l’experience.

1687 4623 707 220 Ministre.

618 4817 2333 257 Ie vous iure ma conſcience,

629 5066 2326 242 Chere Dame, que le ſerment

681 5284 2773 258 Qu’ay fait, par le ſainct ſacrement,

653 5526 2429 250 Que ie vous tiendray loyauté:

610 5744 1838 257 Il n’y a aucune beauté

614 5950 2832 305 En tout le monde qui m’en garde:

3026 6219 650 238 Ie vous
