4267 7085
661 401 228 213 84

1546 381 1327 209 La Verité cachee.

700 617 2401 264 Auſsi ſouuent chanter & lire

677 869 2346 252 Nous deuez faire, pour prier

680 1078 2890 260 Dieu, qui vous garde d’encombrier

708 1306 2319 248 Vos femmes & petis enfans,

716 1535 2720 240 Vos vaches, & beſtes des champs:

712 1755 2421 268 Et pour l’eſtat des treſpaſſez

692 1964 1917 275 Deuez faire prier aſſez:

700 2188 2260 283 Leſquels à grand cry infini

720 2424 2000 248 Vous crient Miſeremini,

728 2652 2432 252 Vos peres, meres, freres, ſœurs,

728 2877 2535 244 Vos comperes, & bien facteurs:

700 3105 2535 256 Dont auons-cy les corps, & os,

708 3326 2374 247 Et en faiſons nos mementos:

704 3554 2693 248 Mais pour les mettre en paradis,

767 3766 2937 264 Tout droit, chantons Deprofundis.

1019 3987 2240 260 Et ſi contre droit & raiſon

755 4223 2484 244 Vous auez choſe en la maiſon,

747 4455 2134 240 En nos mains reſtituez la,

747 4664 1929 267 Et quittes ſerez de cela.

881 4904 1933 248 L’egliſe faut entretenir,

755 5132 2874 248 Et aux pourchas touſiours fournir,

755 5357 2378 220 Gardans chacune confrairie,

751 5589 2508 248 Sans que perſonne y contrarie:

763 5821 2740 224 Car trouuer ſe faut aux banquets,

779 6049 2629 280 Ou pour nous y a bons acquets,

3318 6254 445 279 Cinq
