4267 6834
3476 440 186 262 91

1402 410 1272 208 La Verité cachee.

657 634 2557 246 De vaches ne moutons, ne veaux:

664 850 2816 254 Mais ce ſont termes tout nouueaux,

661 1070 1956 243 Inuentez par la Simonie,

680 1287 2184 258 Qui de Dieu la doctrine nie,

653 1499 2656 247 Pour donner lieu à ſon contraire.

1778 1788 501 209 Peuple.

657 1936 2356 269 Comment cela ſe peut-il faire,

680 2179 2025 258 Que les ſages qui ont eſté

653 2410 2151 224 Parcy deuant, ayent chanté

657 2612 2492 250 Ce que dites n’eſtre en Hebrieu?

1728 2820 604 209 Aucun.

645 3006 1874 240 Allegué a vn autre lieu

672 3234 2489 228 (Pour ſes teſtamens maintenir)

655 3439 2261 245 D’Anania, qui pour mentir

649 3644 2960 270 Du prix d’vn champ, deuant S. Pierre

680 3861 2758 246 Tomba ſubit tout mort en terre:

632 4066 2677 267 Sa femme apres, comme eſt eſcrit

632 4288 2552 250 Aux Actes: & là n’eſt point dit

680 4518 2424 246 Que ce fuſt (ou le texte ment)

626 4715 2518 251 Pour diſme ne pour teſtament:

642 4950 2773 270 Comme en ce lieu ſainct Luc recite.

1763 5209 520 205 Peuple.

645 5395 2577 235 De tout cela bien ie m’acquitte,

664 5615 2611 228 Quand du Curé vient le diſmeur:

653 5835 2690 319 Il prend ſouuent ce qui n’eſt meur,

3640 3530 421 278 Act.5.
