4267 6587
1251 570 1727 282 RONDEAV.

889 1035 2631 231 De Verité, on doit tenir grãd cõte,

709 1244 2756 230 Car il n’y a ſeigneur, baron ne conte,

691 1438 2888 249 Prince, ne Roy, femmes, n’auſsi le vin

720 1635 2804 275 Qui ſoit plꝰ fort qu’elle, ne plꝰ diuin:

706 1858 2536 235 A Darius, Eſdras, en feit le conte.

731 2056 2866 256 Quãd voꝰ verrez les putaĩs auoir hõte

724 2265 2551 249 Et luſticiers d’argẽt hayr la fonte,

717 2470 2869 263 La cognoiſſance, on aura tout à plein

1774 2686 871 215 De Verité.

757 2876 2825 278 Quãd voꝰ verrez vn preſtre ꝗ racõte,

761 3095 2836 257 Tout l’Euagile, & n’en faire meſcõte,

742 3311 2847 253 Et qui n’aura q̃ Dieu pour ſouuerain,

731 3527 2851 245 Sãs cõſacrer pour l’argẽt Dieu en paĩ:

742 3750 2547 235 Alors aurez predication prompte

1708 3941 850 230 De Verité.

1749 4310 940 209 Pſeaume. 84.

1064 4482 1761 231 Verité de terre eſt iſſue,

1050 4702 1917 249 Et Iuſtice vient de la nue.
