4267 7116
593 316 233 213 68

1447 316 1305 205 La Verité cachee.

616 557 2041 277 Et l’ouye de nos abbois,

648 814 3093 253 Quãd quelqu’homme riche mourra:

624 1051 2326 221 Le poure arriere demourra,

628 1257 2717 261 S’il n’a dequoy pour nous payer:

636 1498 2622 225 Car nous n’irons point abbayer

632 1703 2788 245 Le parchemin, ſans rien attendre.

640 1941 2808 245 Nous ne voulons la peine prendre

640 2174 2788 229 De nous mettre vn ſeul pas auant,

672 2399 2661 233 Que la croix ne marche deuant:

640 2632 3093 234 Nous prẽdrons tout ce que pourrõs:

656 2850 2531 229 Ainſi pour rien, rien ne ferons.

652 3055 3108 249 Puis quand nous tiendrõs en la main

656 3297 2195 241 La platine, on offrira pain,

668 3514 2495 249 L’vn, cyre, argent: & le dedans

672 3751 2910 237 Baiſeront touſiours les plus grans:

664 3973 2855 237 Nous leur en tourcherons les yeux:

672 4198 2428 229 Pour cela ils offriront mieux:

668 4419 2365 245 Les poures auront le dehors.

1736 4668 664 174 Auarice.

660 4803 1997 269 Dites auſsi, Soyez recors

672 5060 3057 237 De vos vœuz hõmes: & vous, femmes,

688 5265 2574 261 Offrez à Dieu & corps & ames,

676 5499 2309 257 A ce bon iour plein de lieſſe.

1795 5712 660 210 Ministre.

672 5894 2325 292 Ie vous iure la ſaincte Meſſe

3491 6183 265 205 Et
