4267 7077
711 385 193 212 18

1435 361 1247 213 La Verité cachee.

884 570 2671 306 Car c’eſt la Loy & les Prophetes:

892 817 2277 264 Heureux ſerez ſi ainſi faites.

904 1053 1927 256 Mais toute ſuperſtition

935 1269 1770 268 Qui de folle deuotion

904 1482 2112 263 Procede, du tout faut fuyr

908 1698 2301 275 Pour plaire à Dieu & obeyr.

908 1906 3005 303 Ne penſez donc qu’on ſoit plus ſainct

920 2138 2717 279 Habit ayant gris, blanc, ou teinct:

916 2359 2871 287 Ne pour d’œufs, ou chair s’abſtenir,

939 2606 2108 240 Ou de femme ſe contenir.

920 2822 2513 248 Mais afin de ſainctement viure,

924 3027 2281 271 Le ſeul Euangile faut ſuiure:

932 3271 2214 255 Lequel ſi on reçoit en foy,

932 3479 2320 275 Le Regne de Dieu eſt en ſoy.

935 3707 2675 256 Pas n’eſt en lieu, temps, ne viande,

947 3904 2848 291 Qu’au fidele vſer Dieu commande:

935 4136 3001 294 Car le morceau qu’en la bouche entre

951 4368 2832 259 Ne va dans le cœur, mais au ventre:

947 4588 2454 279 Et puis ſe purge, ſans nuiſance

951 4816 2265 267 Faire en rien à la conſcience.

947 5032 2269 256 La creature donc eſt bonne,

947 5252 2454 256 Puis que le Createur la donne:

975 5488 2249 244 Vſez en donques ſobrement,

985 5685 2567 365 Remerciant Dieu humblement.

3564 5926 396 254 Dieu

251 3750 645 181 Rom.14.c

251 3923 625 197 1.Tim.7.c

267 4383 621 268 Matt.15.b
