4267 7047
673 352 232 254 94

1375 309 1285 258 La Verité cachee.

673 571 2383 270 Pas ne tient à eux qu’enferree

681 806 2245 251 Ie ne ſois encor plus eſtroit:

673 1037 2865 254 Pourtant, ſi tant poure on me voit,

697 1244 2684 271 Qu’on n’en ſoit point ſcandaliſé:

693 1472 1908 258 Car ainſi l’a prophetiſé

697 1703 2833 262 Ieſus, qui creche eut pour berſeau,

697 1918 2300 254 Et qui depuis vn vermiſſeau

709 2141 2472 251 Fut eſtimé, & non pas homme:

705 2364 2766 262 Et nous ſauons auſsi bien, comme

728 2576 2034 234 Tous fideles ſont reputez

705 2779 1692 255 Abiection, & reietez

717 3018 2546 219 Comme les ordures du monde.

701 3229 2895 267 Sainct Paul (lequel ſur moy ſe fonde)

713 3468 2292 282 Par tel opprobre, on appela.

1120 3762 2288 227 Aucun s’efforçant de retirer Verité du

1465 3942 1501 219 Iieu ou elle eſt cachee, dit:

1054 4224 862 246 O Verité.

1524 4506 1453 231 Auarice, l’empeſchant.

720 4784 1015 235 Hola, hola:

748 4995 2410 262 Veux-tu au Peuple deſcouurir

756 5238 2202 235 Verité? Tu t’en vas mourir.

717 5481 1963 215 Si Verité veux remonter

728 5700 2148 242 En eſtat, tu te peux venter,

752 5923 2602 278 Que point ne viuras longement.

3256 6111 466 239 Mais
