4267 6884
3474 349 184 299 85

1373 367 1317 229 La Verité cachee.

593 604 2633 252 Cinq ſolz faut d’entree & d’iſſue,

593 826 2533 252 Et ſix blancs pour l’entretenue:

593 1059 2334 245 Mais vous eſtes participans,

585 1262 2652 271 D’autant qu’on y fait de deſpens.

581 1487 2116 241 Si donc on porte les baſins

585 1698 2981 248 Pour noſtre Dame ou pour les ſaincts

608 1923 2782 256 Vous demandant aucune aumoſne,

581 2134 2748 248 Ne la donnez quell' ne ſoit bonne:

593 2355 2323 245 Car c’eſt pour le diuin office,

593 2573 2820 260 Et pour les morts vn grand ſeruice.

719 2803 2396 241 Honorez preſtres deſſus tous:

589 3013 2338 245 Car ils ſont auſsi deſſus vous,

623 3243 2327 248 Qui de leurs precieuſes dents

581 3457 2817 260 Dieux ont mangé plus de cinq cens:

608 3675 2484 248 Penſez bien donc de les ſeruir,

589 3904 2365 226 Et noſtre doctrine enſuyuir.

585 4115 2648 252 Il ne faut toucher clerc ne preſtre

593 4329 2365 256 Pour les bleſſer, à peine d’eſtre

596 4562 2144 230 Excommuniez nerfs & os:

581 4769 2277 267 Non tangatis chriſtos meos,

585 4998 2227 256 Leſquels ont voué chaſteté,

589 5228 2617 263 Sans quoy preſtres n’euſſent eſté,

593 5453 2629 245 Pour mener uie monaſtique:

596 5671 2633 264 Leur eſtat eſt plus qu’Angelique.

593 5885 2518 287 Pourtant, d’aſsiſter à leur meſſe,

2606 6138 470 218 F .iii.
