4267 6965
1556 588 658 216 Auarice.

522 770 2459 251 Dieu gard la compagnie toute:

526 967 2761 255 Ma ſœur & moy vous venons voir,

530 1203 2013 224 Afin de vous faire ſauoir,

557 1416 2486 247 Que ſi vous aimez les honneurs

522 1625 2734 267 Du petit Peuple & grans ſeigneurs,

518 1868 2393 233 La Verité vous faut deſtruire,

522 2077 2467 248 Et l’enterrer en grand martyre,

514 2321 2428 221 Sans qu’elle parle aucunement

518 2511 2544 255 De ſa bouche vn mot ſeulement.

1703 2813 689 185 Ministre.

526 2987 2652 240 Le Peuple eſt duit à mon compas:

522 3207 2595 287 Mais Aucun vaincre ne puis pas.

1537 3482 732 213 Auarice.

538 3664 2087 244 Ma ſœur Simonie tiendra

522 3884 2316 260 Ses robbes, telles qu’il faudra

534 4105 2455 271 A vn preſcheur ſainct & fidelle.

545 4329 2413 267 Le Peuple alors penſera d’elle,

516 4538 2166 279 Que ce ſoit Verité de faict:

534 4771 2164 255 Et voila voſtre cas parfait:

530 4979 2284 260 Mais il faut auoir tout ſubit,

538 5196 2261 256 Pour la veſtir, vn bel habit,

530 5424 2133 256 Puis a vous la faut aſſeruir.

1699 5633 620 198 As inistre.

534 5819 2370 333 Ma dame, ie vous veux ſeruir.

1347 363 1258 259 La Verité cachee.

3378 394 157 261 51

2481 6063 512 236 D ii.
