4267 6899
3323 339 259 264 77

1468 306 1234 203 La Verité cachee.

532 559 2730 245 Ie vous pren pour ma ſauuegarde:

532 797 2427 226 De me perdre n’ayez pas peur.

1268 988 1553 211 Aucun parlant au Peuple.

536 1161 2235 253 Mets fin vn petit au labeur,

521 1372 2170 256 Peuple, allons Verité ouyr:

525 1621 2085 214 A ce nous eſt venu querir

517 1824 2408 241 Le Miniſtre: dont peux ſauoir

548 2031 3053 268 Qu’enſemble là tous nous veut voir.

521 2261 2664 249 Pren ton bonnet, & ton manteau:

517 2498 1491 219 Aduançons-nous.

1663 2667 468 245 Peuple.

517 2870 1438 211 Allons tout beau:

521 3089 2595 245 Celuy ne doit craindre mal eſtre,

598 3300 2833 264 Qui ſans femme eſt auec ſon preſtre.

517 3529 2921 257 Or allons donc, Dieu nous conduiſe.

1150 3802 1690 218 Ministre parlant à Simonie.

498 3963 2243 260 Dame, maiſtreſſe de l’Egliſe,

502 4200 2856 249 Peuple & Aucun viennent enſemble:

498 4411 2672 257 Donc il ſeroit bon (ce me ſemble)

529 4605 2311 287 Qu’habit de Verité prinſsiez,

502 4840 2396 253 Et qu’en la chaire montiſsiez:

490 5070 2189 261 D’icy orrons voſtre parole.

1579 5350 587 188 Simonie.

502 5523 2802 268 Ie ſay bien par cœur tout mon rolle:

490 5737 2220 299 Il faut parler bas, puis crier.
