4267 7024
3384 405 184 223 29

1210 359 1245 214 La Verité cachee,

519 620 2444 234 Par gens corrompus & errans.

519 842 2522 235 Mais que chacun tienne la voye

550 1065 2912 242 Que par ma voix Dieu vous enuoye:

530 1279 2495 238 Car mes Miniſtres chacun iour

546 1494 2475 254 Vous enſeigneront ſans ſeiour.

847 1713 2611 257 Mais le Miniſtre en premier lieu,

519 1943 2549 242 Comme vray ſeruiteur de Dieu,

530 2157 2319 246 Doit à ſoy-meſme renoncer,

515 2392 2651 245 Pour l’honneur de Dieu auancer,

527 2594 1842 262 Et pour edifier l’Egliſe

554 2825 2744 253 Que Dieu en ſa charge a commiſe:

550 3039 2171 231 C’eſt à dire, les enfans ſiens:

534 3258 2690 246 L’Egliſe donc ſont les Chreſtiens.

527 3484 2400 262 Ainſi faut il qu’il les enſeigne,

515 3714 2736 258 Sans que petit ne grand deſdaigne:

523 3933 2514 234 Monſtrant exemple à conuerſer

527 4140 2420 242 Sainctement, ſans nul offenſer.

527 4370 2486 254 Il faut pourtant qu’il redargue

527 4589 1928 241 Les gens de vie diſſolue,

519 4811 2455 261 Sans eſpargner l’homme pollu,

538 5029 2514 235 Pour crainte d’eſtre mal voulu:

534 5256 2432 234 Car qui voudroit eſtre flateur,

519 5467 2225 218 Ne ſeroit de Dieu ſeruiteur:

523 5681 2260 301 Puis qu’en tel s’eſt manifeſté
