4267 6957
660 448 2331 247 Et n’auray pas tant de ſoucy.

1801 610 487 248 Peuple.

641 823 1882 251 I’ay bien ouy de Verité,

626 1020 2114 263 Saincte choſe eſtre chaſteté

633 1275 2667 236 De cœur & de corps, & peut eſtre

633 1480 2698 263 Au marié, mieux qu’à vn preſtre:

633 1708 2586 259 Ne vous deſplaiſe, mon ſeigneur.

1816 1909 646 193 Ministre.

633 2094 2462 244 Par le ſainct canon, c’eſt erreur.

633 2322 2285 252 Ne t’y arreſte, mais me croy:

637 2547 2134 243 Car ta conſcience cognoy.

633 2748 1751 231 La Verité eſt odieuſe:

633 2979 2173 244 Pas ne la dirois outrageuſe

633 3200 2482 247 Pour manger chair au ſamedy,

664 3412 2961 275 Quart-temps, quareſme, & vendredy:

641 3644 2895 248 Bien ſay que tous iours ſont eſgaux,

626 3841 3014 275 Pour manger d’oignons, d’œufs, ou

637 4069 2996 271 Car Dieu ne ſe ſoucie pas (d’aux:

633 4297 2590 283 Dequoy nous facions nos repas:

657 4525 2771 271 Vray eſt qu’on le croit autrement.

1866 4719 507 235 Peuple.

645 4924 2392 258 La Verité, monſieur, ne ment.

645 5144 2617 270 Depuis (dit-on) que Decret Alles

649 5360 2794 271 Eut, & marchans porterent malles,

653 5588 2172 252 Et Moines furent à cheual,

1557 200 1237 205 La Verité cachee.

3542 214 203 417 2

2496 5785 630 321 C iiii.
