4267 7186
623 371 162 239 56

1785 594 688 204 Minitre.

719 786 2716 263 Ah, dame, que vous m’eſtes chere.

739 1026 2405 267 Vous auſsi aider me pourrez.

1837 1293 596 168 Simonie.

711 1477 2365 235 Fay faire des habits fourrez,

707 1716 2848 232 A fin de mieux monſtrer ta pompe:

707 1912 2469 271 Car le peuple à cela ſe trompe,

723 2143 2892 260 Voyant le grand luſtre & ſplendeur

759 2379 2988 283 Qu’ont les Prelats en leur grandeur,

707 2602 2724 260 Leurs yeux en ſont tous esblouis,

711 2834 2521 220 Et les cœurs en ſont tous rauis,

727 3074 2365 231 Voire en grande ad miration,

699 3285 1842 232 Induiſant à deuotion:

707 3509 2685 263 Dont le peuple fort les honnore,

715 3740 2253 244 Et ainſi que Dieu les adore.

851 3980 2145 247 S’ainſite veux faire priſer,

695 4203 2447 240 Le Peuple te faut maiſtriſer:

691 4415 2341 255 Puis apres à l’aiſe obtiendras

731 4662 2609 240 Tout ce que du Peuple voudras.

691 4894 2393 232 Si tn veux auoir des pucelles,

671 5118 2764 239 T’u pourras iouyr des plus belles:

703 5333 2712 248 Mais ſi des femmes aimes mieux,

727 5565 2229 247 Tu choiſiras ſelon tes yeux:

683 5792 2217 256 Iouë, paillarde, fay du pire,

707 6028 2289 295 On n’a garde de te rien dire:

1398 343 1250 195 La Verité cachee.

3384 6216 359 247 Car
