4267 7170
756 318 263 251 64

1609 278 1295 255 La Verité cachee.

880 541 2785 311 Qu’apres toy pour ton ſalut crie:

868 772 2379 299 Quittant ceſt abuſeur inf ct

868 1011 2235 291 Qui le Miniſtre contrefait.

1996 1322 510 211 Peuple.

868 1549 2546 283 C’eſt trop parlé de ceſt affaire,

908 1772 2857 319 Toy ne moy n’y ſaurions que faire:

864 2015 2223 267 Puis Verité eſt tant cruelle,

876 2238 2721 279 Qu’on ne ſauroit viure auec elle:

872 2489 2219 251 Elle dit qu’il faut renoncer

876 2692 2630 271 Au monde, au lieu de s’auancer:

880 2903 2673 295 Et qu’il faut quitter tous delices

876 3138 2825 287 De la chair, qui ſont mortels vices:

884 3361 2737 303 Bref, qui voudroit Verité ſuiure,

888 3592 2558 299 On ne ſauroit au monde viure.

1984 3875 589 223 Aucun.

912 4138 1904 267 Viure faut en intergité,

896 4341 2143 303 Qui veut enſuiure Verité:

884 4572 2677 279 Mais tu ne veux ne ton Miniſtre

888 4803 2442 279 Eſtre couchez en ſon regiſtre:

876 5030 2681 283 Mieux aimez le plaiſir du corps,

868 5238 2701 322 Plus dangereux que mille morts.

1988 5481 537 251 Peuple.

868 5716 1881 286 Selon que Verité fera,

884 5939 2542 342 Nous verrons puis que ce ſera.

3338 6186 618 223 Aucun
