4267 7170
645 352 203 281 58

1541 325 1267 248 La Verité cachee.

772 597 2658 275 Mais moy, ie ſuis maiſtre ſur toy.

788 840 2267 247 Garde bien de iuger ma vie:

788 1043 2092 259 Ains m’obeyr ayes enuie:

788 1282 2359 267 Et quelque cas que i’aye fait,

780 1509 2076 259 Repute le bon & parfait:

788 1724 2307 259 Et ne pren iamais hardieſſe,

804 1951 2682 255 (Si ſous moy veux viure en lieſſe)

776 2178 2510 247 De contredire à ton ſeigneur,

788 2372 2911 310 Que ie ſuis: mais fay moy honneur.

944 2617 2671 292 Ainſi tout doux le dois piquer,

764 2832 2397 304 Pour le garder de repliquer.

776 3075 3084 267 Que loiſir n’ait, d’ouurir ſa bouche

760 3302 3028 279 Pour parler, non plus qu’vne ſouche.

2002 3537 741 191 Miniſtre.

772 3732 2506 247 Ie vous remercie humblement

784 3959 2427 243 De voſtre bon enſeignement:

784 4178 1901 235 Car de Verité le conſeil

784 4393 2391 251 N’eſt en rien au voſtre pareil:

784 4628 2865 263 Le voſtre eſt bien mieux à mon gré.

1856 4875 665 175 Auarice.

792 5046 2196 235 Pour paruenir à ton degré,

788 5265 1965 235 Il te faut faire diligence

776 5485 2785 254 D’auoir du Droict l’intelligence:

808 5724 2781 239 (I’enten de tout le Droict Canon)

792 5959 2323 211 Pour auoir credit & renom.

796 6174 2494 282 Puis fay dreſſer à force images:
