4267 6950
3436 362 135 248 83

1208 339 1367 220 L a Verité cachee.

482 586 2831 267 Car nous pouuons les cieux ouurir,

471 806 2054 255 Et fermer à noſtre plaiſir,

455 1038 2074 232 Par nos deuotes oraiſons

486 1254 2962 259 Que nuict & iour pour vous faiſons:

490 1478 2672 251 Quand vous repoſez en vos licts,

478 1698 2155 244 Ou labourez, ou faites pis,

451 1911 2792 243 Pour vous prions noſtre Seigneur:

455 2131 2835 262 Par quoy vaut mieux noſtre labeur,

447 2355 2661 255 Peuple, que celuy que vous faites,

478 2583 2595 243 Ou vos ſeruiteurs, ou vos beſtes:

463 2791 2633 259 Car vos œuures ſont corporelles,

459 3011 2074 251 Et les noſtres ſpirituelles,

490 3239 2572 243 Qui vous tiennent tous en eſtat.

447 3459 2684 251 Dieu ſi ſouuent point ne vous bat

444 3668 2637 262 Pour vos pechez, comme il feroit

432 3892 1985 243 Si noſtre ſeruice n’eſtoit,

471 4119 1957 247 Qui le rapaiſe de ſon ire,

447 4328 2205 259 Comme dit Colin de la lire.

447 4556 2163 247 Faire ne vous deuez preſſer

432 4776 2514 228 De bien ſouuent vous confeſſer

436 5015 2599 220 A nous, pour prendre penitence,

455 5212 2734 232 Qui ſoit ſelon noſtre ordonnance.

444 5424 2232 244 Nos ſaincts priez, & adorez,

455 5648 2043 220 Offrez argent, & eſclairez

428 5865 2711 328 Le mouſtier, & d’huyle, & de cyre:

2343 6088 445 236 F .ii.
