4267 6913
3172 407 169 211 97

1060 357 1278 199 La Verité cachee.

549 595 2197 253 Sortez, il n’eſt plus queſtion

591 821 2577 246 Qu’en tel lieu vous ſoyez cachee,

560 1044 2339 242 Mais faut que ſoyez arrachee

549 1263 2707 230 D’entre les mains de ces caphards,

568 1474 2485 254 Qui par leurs diſsimulez fards,

568 1712 2834 219 Vous ont long temps tenue enſerre:

564 1924 2838 226 Venez vous donc monſtrer en terre,

564 2150 2777 223 Ou ces bigots tant nous deçoiuent:

556 2361 2551 235 Et ſi tous pas ne vous reçoiuent,

541 2565 2481 238 Si eſt-ce qu’aucuns vous aurez,

545 2799 2473 223 Dont les maiſons gouuernerez,

553 3010 2692 254 Attendant que Dieu vous eſpande

556 3226 1080 257 Plus au long.

1328 3487 457 242 Verité.

553 3698 1501 250 Pas ie ne demande

576 3925 2757 261 (Quant à moy) d’eſtre ainſi muſſee,

556 4140 2409 249 Et en quelque coin deſchaſſee,

549 4374 2412 230 Ce n’eſt ma façon ne maniere,

556 4597 2201 222 Ie ne cerche que la lumiere:

553 4804 2219 246 Mais ces hypocrites bigots,

583 5031 2566 245 (Qui ne preſchent que de fagots

556 5250 2624 218 Contre ceux qui me veulent voir,

564 5449 2301 238 Et qui ont deſir de m’auoir)

556 5676 2612 238 M’ont ainſi long temps detenue

568 5895 2070 269 Empriſonnee toute nue:

2489 6116 456 251 G .i.
