4267 7266
702 339 234 218 28

1416 339 1280 218 La Verité cachee.

795 597 2700 295 Que Verité puiſſamment gagne:

771 831 2373 258 Les Italiens cerchent Chriſt,

767 1049 2866 279 Pour quitter du tout l’Antechriſt,

771 1283 2337 271 Lequel tant plus ſe hauſſera,

771 1529 2309 255 Dieu encor plus l’abaiſſera.

775 1747 3092 267 Mais ie veux bien qu’il vous ſouuiẽne,

799 1994 2955 254 Que deuant qu’vn tel cas aduienne,

779 2216 1925 254 Celuy fils de perdition

779 2438 2176 238 Mettra tout en confuſion

815 2664 3064 266 Tãt qu’il pourra, faiſant des troubles

779 2894 3096 262 Par ſes gẽs qui ont les cœurs doubles

787 3144 2087 254 Par hyppcriſie couuerts,

799 3354 2906 262 Leſquels ſe font nommez Conuers:

803 3588 3056 267 Et d’autres gens qu’il a grand nõbre,

831 3822 2555 246 Pour faire à Verité encombre,

807 4040 2781 271 Qui n’ont que de mal faire ſoing:

799 4282 3011 267 Car ils ſont frappez tous d’vn coing.

803 4500 2499 259 Mais laiſſons là telle raquaille,

799 4739 2866 250 Parlons de choſe que mieux vaille:

815 4973 2434 242 Car d’enfer cerchent le repos,

823 5211 2894 250 Et ſouillent tous nos bons propos:

815 5441 3056 254 Cependant, qu’vn chacun s’appreſte.

811 5663 2717 246 Afin qu’à Chriſt ſeul on s’arreſte:

819 5905 2632 254 Car on verra des troubles grans

3582 6145 291 400 Par
