4267 7085
632 413 195 171 50

1480 255 1299 229 La Verité cachee.

767 464 2307 342 Et qu’elle ſerue ou vous irez.

783 724 1980 287 A elle donc ne ſeruirez,

787 928 2310 311 Ains ſeruira de contenance.

1897 1141 649 236 Ministre.

783 1287 2511 374 Dame Auarice, quand ie penſe

806 1535 2291 342 Faire mon cas à mon profit,

803 1747 2574 339 Ie creue en mon cœur de deſpit,

830 2003 2078 311 Que Verité me contrarie,

818 2235 2110 307 Et iamais en rien ne varie.

814 2428 2630 327 Conſeillez moy comme pourrez.

1968 2700 914 252 Auarice.

826 2916 2051 323 Ie le feray, vous le verrez:

826 3097 2586 370 Et ie vous promets, par ma foy,

838 3373 2444 299 Mener Simonie auec moy.

913 3589 2295 299 Chere ſœur, dame Simonie,

826 3798 2425 342 Noſtre ſainct pere vous benie.

838 4030 2204 319 Ie vous ſuis venue appeller,

830 4239 2224 342 Pour le Miniſtre conſoler:

854 4463 2330 327 Car verité l’a auiourd’huy

854 4664 2704 358 Fort faſché: Allons donc vers luy:

854 4884 2495 358 Et de luy vous ſerez maiſtreſſe,

838 5120 2299 335 Pour luy oſter celle triſteſſe:

850 5337 2562 342 Allons veoir ce qu’il nous dira.

1983 5616 603 264 Symonie.

846 5837 2204 307 S’il me veut croire, il iouyra

846 6037 2862 355 Des biẽs qu’il veut: ſans nulle doute.
