4267 6957
572 483 2740 270 Couppant leur ſermon par parties.

568 703 2400 236 Puis ont leurs ioyeuſes ſorties:

560 916 2446 231 Nommant Marie, Threſoriere

564 1124 2555 267 Du ciel, ayant puiſſance entiere:

568 1360 2137 251 Luy diſant à genoux, Aué.

575 1569 2559 270 Et puis quand chacun s’eſt leué:

575 1816 1952 228 Ils parlent de primitiua,

579 2036 1577 240 Et legé abrogatiua.

575 2230 2547 259 Puis font queſtions theologalles

572 2446 2523 251 De l’Eſcot, ou de Iean de Halles

572 2678 2628 251 Auec la grand' croix perfrontee,

606 2906 2385 228 Tant à la fin comme à l’entree.

591 3115 2860 259 On dit puis quelq̃s mots mal meurs,

572 3335 2349 243 A fin d’eſueiller les dormeurs.

575 3544 2431 263 Mais Verité n’a point d’eſprit,

606 3760 2644 263 Tant de Dieu que de Ieſus Chriſt,

595 3996 2473 247 Ou de ſa croix fait ſon propos:

572 4208 2817 263 Les Saincts & morts laiſſe en repos.

568 4421 2411 274 Si on la hait, ce n’eſt merueille.

1631 4680 583 182 Aucun.

606 4831 2447 263 Tout cela point ne me reueille:

575 5055 2203 251 Leur Aué n’eſt pas oraiſon,

599 5260 2504 278 Que diſent (ſans rime & raiſon)

595 5499 2462 259 Vos maiſtres predicamenteurs,

568 5712 2976 313 Soyet licts ſans ciel ou gras douteux,

1372 216 1229 216 La Verité cachee.

3490 235 150 232 45
