4267 6972
3344 317 140 178 25

1247 298 1241 232 La Verité cachee.

492 530 2919 291 Chriſt pour toꝰ s’eſt fait poure & min

3168 786 335 232 (ce,

492 782 2615 252 Cõbien qu’il fuſt de toꝰ le prince.

484 1007 2329 251 Bref, afin qu’il nous garentiſt

484 1216 2546 259 De mal, de grand s’eſt fait petit.

472 1448 2473 221 Son aduerſaire en haut s’eſleue

476 1653 2783 260 Par ſon orgueil, tant qu’il en creue:

472 1882 2744 256 Sur tous malins c’eſt le plus grand,

492 2099 2112 248 Et des idolatres garent.

476 2320 2341 240 Il eſt autheur des chatemites,

476 2537 2508 259 Et le plus grand des Sodomites,

480 2769 2949 232 Brigand, meurtrier inceſte immonde,

480 2963 2961 271 Combiẽ qu’on le tiẽt Dieu au mõde:

472 3187 2934 268 Non Dieu de paix: car il fait guerre

476 3424 2422 247 A qui ne le tient Dieu en terre.

472 3640 2229 237 Comme Dieu ſe fait adorer,

476 3861 2151 236 Et ne laiſſe Dieu honnorer:

468 4067 2709 263 Meſme quiconque Dieu inuoque,

472 4295 2798 252 Ce traiſtre & deſloyal s’en moque,

472 4508 2388 279 Et par ſa rage & grand fureur

465 4733 2379 251 Il maintient ſa fiere grandeur.

465 4961 2449 248 Si quelcun luy veut contredire,

465 5178 2627 260 Il luy fait ſouffrir grand martyre:

472 5395 2698 256 Car ſes ſuppos moines & preſtres

488 5600 2899 306 (Qu’à Chriſt plꝰ q̃ Iudas ſõt traiſtres)

3471 541 599 241 Luc9.g

3468 724 612 193 2.Cor.8.b

3460 914 628 186 Matt.2.a

3457 1080 608 233 Iean18.g.

3445 1413 628 229 Les quali¬

3441 1607 407 205 té de

3445 1785 554 225 l'Ante¬

3441 1956 364 251 chriſt
