4267 7062
663 443 232 188 86

1479 408 1245 207 La Verité cachee.

777 627 2555 267 Chacun Dimanche pas ne ceſſe:

782 847 2354 271 Si trois fois ſuiuans y falliez,

829 1100 2137 241 Vous eſtes excommuniez

771 1282 2607 271 De noſtre ſainct pere de Rome:

792 1526 2909 255 Et le pain benit doit tout homme

789 1753 2881 255 Nous apporter chacun Dimanche,

789 1977 2814 247 Duquel la moitié on nous tranche:

794 2177 2319 265 Du reſte morcelets on face,

782 2401 2743 282 Pour en prendre de bonne grace

794 2630 2348 271 Chacun vn petit, le baiſant,

800 2860 2501 247 Et puis deſſus la croix faiſant:

804 3091 2830 255 A iun vous le mangiez tout doux,

804 3315 2528 243 En barbotant: Entendez vous?

800 3531 2501 262 Auſsi gardez bien en Kareſme

804 3742 2819 283 De manger laict, beure, ne creſme,

800 3990 2520 251 Ne chair: Auſsi ie vous defens

847 4213 2572 255 Toutes vigiles, & quart-temps,

808 4421 2717 275 N’aux ſamedis, n’aux vendredis.

828 4656 2379 267 Manger en peux les Samedis

824 4876 3030 294 Quãd chaqu'ã la vierge eſt en couche

808 5096 3042 302 Autremẽt, chair n’entre en ta bouche,

804 5237 2202 373 Sur peine de peché mortel:

804 5559 2481 263 Mais s’au vendredy chet Noel,

816 5794 2316 271 Mange chair, s’en as appetit,

859 6010 2984 302 Tout pour l’honneur de Ieſus Chriſt.

3214 6245 648 236 Gardez
