4267 7250
805 455 117 161 30

1563 402 1253 186 La Verité cachee.

838 628 1853 254 Crime de leze maieſté.

842 833 2788 282 Mais il faut bien faire autre choſe:

854 1059 2768 294 C’eſt, qu’à tout ſouffrir ſe diſpoſe:

858 1313 2820 269 Meſme paſſer par maints dangers,

866 1440 3068 372 Tant des gens cogneus, qu’eſtrãgers.

864 1733 3034 309 Car Chriſt dit, Qui me voudra ſuiure

805 1977 2797 282 Non à ſoy, mais à Dieu doit viure:

826 2219 2941 286 Et quant & quant prendre ſa croix,

821 2440 2644 282 Suiuant de faict & dict ma voix:

850 2658 2679 314 Et qu’en meſpriſant ſa perſonne,

858 2916 2425 265 A m’obeyr du tout s’adonne:

852 3123 2623 278 N’ayant deſir des biens terriens,

852 3353 2345 302 Sur peine de perdre les miens:

809 3596 2474 270 Souffrant patiemment iniures

830 3814 2590 278 Des malins, & reproches dures,

894 4017 2279 290 Et faire à tous ceux-la plaiſir

862 4257 2623 306 Qui vous font tort & deſplaiſir.

854 4478 2800 311 Beniſſez ceux qui vous maudiſent:

846 4724 2727 294 Priez pour ceux qui contrediſent

834 4942 2530 306 De leur pouuoir à Ieſus Chriſt,

838 5163 3018 326 Que Dieu leur doint ſon ſaint Eſprit.

846 5417 2314 270 On voit comment la charité

789 5642 2099 282 N’eſt plus en ville ne cité:

821 5864 2382 322 A cauſe de quoy les humains

3449 6098 439 261 Sont

175 1788 653 235 Mat.16.d

169 3226 659 199 Matt.19.c

157 3401 671 260 Matt.10.c

193 4156 604 212 Rom.12.d

173 4716 608 290 Luc6.d.
