4267 6899
3479 218 97 207 9

1387 214 1216 230 La Verité cachee.

1748 452 592 230 Peuple.

628 640 2320 245 Ie m’en vay donc Verité voir,

617 862 2473 257 Pour quelque bien d’elle ſauoir.

621 1100 2277 245 Mais, qui eſt celuy que ie voy

651 1295 2465 241 Venir ainſi tout droit vers moy?

624 1502 2561 276 Ha, Dieu te gard, mon amy cher:

621 1736 2093 264 Ie te vouloye aller cercher.

1748 1966 552 157 Aucun.

613 2104 2154 249 Dieu te vueille garder auſsi:

640 2341 2515 253 Que voulois-tu donc? me voicy.

1698 2552 494 199 Peuple.

613 2728 2005 227 Il eſt venu icy vn homme,

624 2943 2381 230 Qui Miniſtre (dit-il) ſe nomme

613 3173 2135 219 De Verité, pour m’aduertir

644 3376 2848 245 Qu’à Dieu nous veut tous conuertir.

621 3587 2572 249 Allons au Temple donc vers elle.

1598 3832 545 177 Aucun.

640 3978 2315 226 Voire? voicy bonne nouuelle.

609 4185 2419 238 Mais il n’eſt Dimanche ne feſte.

613 4419 2618 230 I’ay encor' grand mal en ma teſte,

598 4618 2645 241 Du ſon des preſtres & des cloches.

605 4840 2734 226 Ie voudrois qu’ils fuſſent en roches

640 5051 2680 222 Tous conuertis, s’ils ne s’amedent:

605 5270 2876 218 En tout tẽps nos biens ils demandent

598 5480 2886 269 Sans hõte auoir, dont i’en ſuis poure.
