4267 6965
3469 294 166 313 81

1393 301 1263 240 La Verité cachee.

561 533 2490 260 (Ainſi que le voiſins me dirent)

561 770 2668 270 Tout droit deuers noſtre maiſon:

534 1006 2180 239 En quoy n’y a autre raiſon,

549 1222 2552 240 Que pour leurs teſtamens tenir,

522 1427 2548 248 Les Iambons nous deuez offrir,

522 1659 2331 240 Selon le theme que mettons,

522 1880 2606 252 Apportez nous de vos moutons.

565 2097 1975 255 Voila la premiere partie,

530 2321 1626 232 Hem, hem, hem

650 2538 2037 248 Saluons la vierge Marie,

549 2675 2366 335 (En qui threſor de grace y a,)

526 2975 1766 255 En diſant Aue gratia.

522 3203 1568 244 Ferté nobis arietes,

518 3416 2548 244 Et nous vous en dirons, Grates,

518 3617 1921 260 Loco, au lieu, vbi ſupra.

514 3850 2575 247 Bien, ie prendrons pro & contra

511 4070 2393 256 Pour grater à quelcun la galle

503 4279 1990 244 Par queſtion theologale,

495 4504 2575 259 Si ſuiure voulois ſainct Bernard:

499 4728 2559 251 Mais mon ſermon finirois tard:

499 4945 2470 271 Et pourtant plus bref ie ſeray,

499 5150 1808 259 L’euangile ie laiſſeray,

491 5382 2289 251 Pour faire nos accouſtumees

487 5610 2254 240 Recommandations ſacrees:

487 5811 2517 306 Plus de dix mille ſont de l’ordre,

2386 6059 354 261 F .i.
