<?xml version="1.0" encoding="UTF-8"?>
<alto xmlns:xsi="http://www.w3.org/2001/XMLSchema-instance"
      xmlns="http://www.loc.gov/standards/alto/ns-v4#"
      xsi:schemaLocation="http://www.loc.gov/standards/alto/ns-v4# http://www.loc.gov/standards/alto/v4/alto-4-2.xsd">
  <Description>
    <MeasurementUnit>pixel</MeasurementUnit>
    <sourceImageInformation>
      <fileName>La_Vérité_cachée_composée_en_..._bpt6k1508016q.pdf_page_85.png</fileName>
      <fileIdentifier>pdf//La_Vérité_cachée_composée_en_..._bpt6k1508016q.pdf</fileIdentifier>
    </sourceImageInformation>
  </Description>
  <Tags>
    <OtherTag ID="BT7" LABEL="CustomZone" DESCRIPTION="block type CustomZone"/><OtherTag ID="BT8" LABEL="DamageZone" DESCRIPTION="block type DamageZone"/><OtherTag ID="BT9" LABEL="DigitizationArtefactZone" DESCRIPTION="block type DigitizationArtefactZone"/><OtherTag ID="BT10" LABEL="DropCapitalZone" DESCRIPTION="block type DropCapitalZone"/><OtherTag ID="BT11" LABEL="GraphicZone" DESCRIPTION="block type GraphicZone"/><OtherTag ID="BT12" LABEL="MainZone" DESCRIPTION="block type MainZone"/><OtherTag ID="BT13" LABEL="MarginTextZone" DESCRIPTION="block type MarginTextZone"/><OtherTag ID="BT14" LABEL="MusicZone" DESCRIPTION="block type MusicZone"/><OtherTag ID="BT15" LABEL="NumberingZone" DESCRIPTION="block type NumberingZone"/><OtherTag ID="BT17" LABEL="QuireMarksZone" DESCRIPTION="block type QuireMarksZone"/><OtherTag ID="BT18" LABEL="RunningTitleZone" DESCRIPTION="block type RunningTitleZone"/><OtherTag ID="BT19" LABEL="SealZone" DESCRIPTION="block type SealZone"/><OtherTag ID="BT20" LABEL="StampZone" DESCRIPTION="block type StampZone"/><OtherTag ID="BT21" LABEL="TableZone" DESCRIPTION="block type TableZone"/><OtherTag ID="BT22" LABEL="TitlePageZone" DESCRIPTION="block type TitlePageZone"/>
    <OtherTag ID="LT7" LABEL="CustomLine" DESCRIPTION="line type CustomLine"/><OtherTag ID="LT8" LABEL="DefaultLine" DESCRIPTION="line type DefaultLine"/><OtherTag ID="LT9" LABEL="DropCapitalLine" DESCRIPTION="line type DropCapitalLine"/><OtherTag ID="LT10" LABEL="HeadingLine" DESCRIPTION="line type HeadingLine"/><OtherTag ID="LT11" LABEL="InterlinearLine" DESCRIPTION="line type InterlinearLine"/><OtherTag ID="LT12" LABEL="MusicLine" DESCRIPTION="line type MusicLine"/><OtherTag ID="LT1275" LABEL="default" DESCRIPTION="line type default"/>
  </Tags>
  <Layout>
    <Page WIDTH="4267"
          HEIGHT="6913"
          PHYSICAL_IMG_NR="84"
          ID="eSc_dummypage_">
      <PrintSpace HPOS="0"
                  VPOS="0"
                  WIDTH="4267"
                  HEIGHT="6913">
        <TextBlock HPOS="3525"
                   VPOS="336"
                   WIDTH="283"
                   HEIGHT="252"
                   ID="eSc_textblock_aac9364b"
                   TAGREFS="BT15">
          <Shape><Polygon POINTS="3525 336 3525 588 3808 588 3808 336"/></Shape>
          <TextLine ID="eSc_line_a9e03c03"
                    TAGREFS="LT8"
                    BASELINE="3567 514 3756 514" 
                    HPOS="3563"
                    VPOS="339"
                    WIDTH="190"
                    HEIGHT="271">
            <Shape><Polygon POINTS="3736 339 3678 339 3661 339 3563 357 3563 512 3563 604 3748 610 3753 512 3748 339 3736 339"/></Shape>
            <String CONTENT="75"
                    HPOS="3563"
                    VPOS="339"
                    WIDTH="190"
                    HEIGHT="271"
                    WC="0.9999366998672485"></String>
          </TextLine>
        </TextBlock>
        <TextBlock HPOS="1450"
                   VPOS="284"
                   WIDTH="1415"
                   HEIGHT="230"
                   ID="eSc_textblock_7bfc8d08"
                   TAGREFS="BT18">
          <Shape><Polygon POINTS="1450 284 1450 514 2865 514 2865 284"/></Shape>
          <TextLine ID="eSc_line_09f226f8"
                    TAGREFS="LT10"
                    BASELINE="1543 457 2803 457" 
                    HPOS="1543"
                    VPOS="299"
                    WIDTH="1260"
                    HEIGHT="223">
            <Shape><Polygon POINTS="2465 307 2458 307 2331 337 2292 307 2273 307 2235 307 2196 307 2158 307 2120 307 2081 307 2024 337 1931 337 1828 303 1812 303 1797 299 1655 337 1547 299 1543 457 1543 522 2803 510 2803 457 2803 341 2719 341 2680 311 2676 311 2673 311 2669 311 2665 311 2592 337 2515 307 2504 307"/></Shape>
            <String CONTENT="La Verité cachee."
                    HPOS="1543"
                    VPOS="299"
                    WIDTH="1260"
                    HEIGHT="223"
                    WC="0.9965871903631423"></String>
          </TextLine>
        </TextBlock>
        <TextBlock HPOS="527"
                   VPOS="533"
                   WIDTH="3176"
                   HEIGHT="5685"
                   ID="eSc_textblock_3c506a8f"
                   TAGREFS="BT12">
          <Shape><Polygon POINTS="527 535 548 6218 3703 6197 3682 1038 2917 533"/></Shape>
          <TextLine ID="eSc_line_6df467e3"
                    TAGREFS="LT10"
                    BASELINE="1770 672 2408 679" 
                    HPOS="1766"
                    VPOS="541"
                    WIDTH="642"
                    HEIGHT="200">
            <Shape><Polygon POINTS="1766 714 1832 737 1835 737 1839 737 1943 714 1970 737 1974 737 1977 737 1981 737 2073 718 2150 741 2154 741 2158 741 2162 741 2166 741 2196 714 2404 706 2408 679 2408 572 2012 541 1808 541 1805 541 1801 541 1797 541 1770 556 1770 672"/></Shape>
            <String CONTENT="Miniſtre."
                    HPOS="1766"
                    VPOS="541"
                    WIDTH="642"
                    HEIGHT="200"
                    WC="0.9936272435718112"></String>
          </TextLine>
          <TextLine ID="eSc_line_9d6cd9e4"
                    TAGREFS="LT8"
                    BASELINE="618 883 3168 891" 
                    HPOS="614"
                    VPOS="737"
                    WIDTH="2554"
                    HEIGHT="230">
            <Shape><Polygon POINTS="618 883 614 925 775 948 779 948 929 921 1033 948 1036 948 1040 948 1044 948 1098 933 1125 956 1125 960 1129 960 1133 960 1136 963 1301 963 1301 960 1305 960 1309 960 1351 933 1497 956 1501 956 1505 956 1586 921 1639 944 1643 944 1647 944 1724 933 1755 956 1755 960 1759 960 1762 960 1766 960 1770 960 1858 921 2024 921 2097 960 2100 960 2104 960 2108 960 2169 925 2315 925 2423 963 2427 963 2431 967 2607 967 2607 963 2611 963 2615 963 2661 933 2830 960 2834 960 2838 960 2918 929 2995 960 2999 960 3003 960 3007 960 3095 933 3157 952 3168 891 3164 779 2991 756 2988 756 2984 756 2934 775 2899 745 2899 741 2895 741 2892 741 2888 741 2358 779 1993 779 1897 737 1893 737 1889 737 1885 737 1782 771 1666 741 1663 741 1659 741 1655 741 1551 768 1398 745 1394 745 1271 771 1175 748 1171 748 1167 748 1021 771 871 737 867 737 864 737 860 737 810 771 729 737 725 737 722 737 618 741 618 883"/></Shape>
            <String CONTENT="Ie t’en pourrois bien empeſcher."
                    HPOS="614"
                    VPOS="737"
                    WIDTH="2554"
                    HEIGHT="230"
                    WC="0.9924296587705612"></String>
          </TextLine>
          <TextLine ID="eSc_line_a480d9e2"
                    TAGREFS="LT8"
                    BASELINE="614 1106 2242 1102 3249 1121" 
                    HPOS="610"
                    VPOS="956"
                    WIDTH="2639"
                    HEIGHT="226">
            <Shape><Polygon POINTS="614 1106 610 1136 675 1163 679 1163 683 1163 687 1163 779 1140 964 1163 967 1163 971 1163 1017 1140 1094 1175 1098 1175 1102 1175 1305 1132 1348 1152 1351 1152 1355 1152 1359 1152 1401 1132 1532 1152 1536 1152 1989 1132 2204 1159 2208 1159 2400 1140 2446 1171 2450 1171 2454 1171 2458 1171 2461 1171 2511 1144 2600 1179 2603 1179 2607 1182 2842 1182 2842 1179 2845 1179 2849 1179 2892 1144 3014 1175 3018 1175 3022 1175 3026 1175 3030 1175 3080 1144 3153 1179 3157 1179 3160 1179 3245 1159 3249 1121 3245 1002 2957 975 2953 975 2949 975 2945 975 2918 994 2811 979 2807 979 2676 998 2650 975 2646 975 2642 975 2638 975 2388 998 2173 960 2169 960 2166 960 2081 994 1547 967 1543 967 1540 967 1536 967 1513 990 1267 994 1156 971 1152 971 1148 971 1106 987 1079 963 1075 963 1071 963 1067 963 1063 963 1025 983 990 956 987 956 983 956 979 956 975 956 971 956 917 990 837 956 833 956 614 956 614 1106"/></Shape>
            <String CONTENT="Mais pour auoir ta bonne grace,"
                    HPOS="610"
                    VPOS="956"
                    WIDTH="2639"
                    HEIGHT="226"
                    WC="0.9801938687601397"></String>
          </TextLine>
          <TextLine ID="eSc_line_f0258586"
                    TAGREFS="LT8"
                    BASELINE="614 1313 3214 1328" 
                    HPOS="610"
                    VPOS="1148"
                    WIDTH="2604"
                    HEIGHT="246">
            <Shape><Polygon POINTS="614 1313 610 1378 683 1382 687 1382 691 1382 695 1382 729 1351 791 1382 795 1382 798 1386 948 1386 948 1382 952 1382 956 1382 1002 1348 1079 1378 1083 1378 1086 1378 1298 1351 1340 1386 1344 1386 1348 1386 1351 1390 1543 1390 1543 1386 1547 1386 1551 1386 1593 1351 1989 1351 2058 1390 2062 1390 2066 1390 2285 1359 2515 1378 2519 1378 2523 1378 2527 1378 2561 1355 2780 1394 2784 1394 2788 1394 2857 1359 2907 1394 2911 1394 2915 1394 2918 1394 3210 1374 3214 1328 3210 1213 2976 1213 2922 1163 2918 1163 2915 1163 2857 1163 2853 1163 2849 1163 2845 1163 2845 1167 2807 1202 2734 1209 2565 1159 2561 1159 2557 1159 2554 1159 2454 1205 2120 1205 2066 1205 2012 1159 2008 1159 2004 1159 1862 1156 1858 1156 1855 1156 1735 1202 1682 1156 1678 1156 1674 1156 1613 1156 1609 1156 1605 1156 1509 1202 1421 1159 1417 1159 1263 1152 1259 1152 1255 1152 1252 1152 1194 1190 1167 1171 1167 1167 1163 1167 1159 1167 1156 1167 1152 1167 1063 1202 914 1202 614 1148 614 1313"/></Shape>
            <String CONTENT="Ie prendray hardiment l’audace"
                    HPOS="610"
                    VPOS="1148"
                    WIDTH="2604"
                    HEIGHT="246"
                    WC="0.978905979792277"></String>
          </TextLine>
          <TextLine ID="eSc_line_68d31329"
                    TAGREFS="LT8"
                    BASELINE="610 1536 3164 1551" 
                    HPOS="606"
                    VPOS="1378"
                    WIDTH="2558"
                    HEIGHT="231">
            <Shape><Polygon POINTS="610 1536 606 1593 695 1597 699 1597 702 1597 706 1597 741 1570 883 1597 887 1601 1152 1601 1152 1597 1156 1597 1159 1597 1179 1578 1205 1597 1209 1597 1213 1597 1217 1597 1221 1597 1294 1574 1332 1601 1336 1601 1340 1601 1344 1601 1543 1574 1663 1593 1666 1593 1670 1593 1712 1574 2150 1574 2223 1605 2227 1605 2231 1605 2235 1605 2335 1578 2523 1609 2527 1609 2531 1609 2627 1582 2842 1609 2845 1609 3160 1593 3164 1551 3157 1428 2907 1436 2857 1394 2853 1394 2849 1394 2757 1394 2753 1394 2749 1394 2673 1436 2346 1436 2304 1413 2300 1413 2296 1413 1951 1432 1893 1386 1889 1386 1885 1386 1824 1386 1820 1386 1816 1386 1812 1386 1755 1421 1620 1401 1616 1401 1613 1401 1559 1432 1390 1432 1301 1386 1298 1386 1175 1382 1171 1382 1167 1382 1063 1417 917 1382 914 1382 910 1382 829 1424 764 1382 760 1382 756 1382 610 1378 610 1536"/></Shape>
            <String CONTENT="De luy donner lieu au mouſtier:"
                    HPOS="606"
                    VPOS="1378"
                    WIDTH="2558"
                    HEIGHT="231"
                    WC="0.9957889876058025"></String>
          </TextLine>
          <TextLine ID="eSc_line_1d3421c2"
                    TAGREFS="LT8"
                    BASELINE="622 1755 2857 1770" 
                    HPOS="618"
                    VPOS="1597"
                    WIDTH="2239"
                    HEIGHT="242">
            <Shape><Polygon POINTS="622 1755 618 1793 649 1824 649 1828 652 1828 656 1828 660 1831 956 1831 956 1828 960 1828 964 1828 1006 1793 1156 1793 1244 1831 1248 1831 1252 1835 1497 1835 1497 1831 1501 1831 1559 1805 1678 1820 1682 1820 1686 1820 1739 1797 2031 1801 2073 1831 2077 1831 2081 1831 2085 1831 2292 1801 2373 1835 2377 1835 2381 1835 2385 1835 2442 1805 2561 1831 2565 1831 2569 1831 2661 1805 2696 1835 2700 1835 2703 1835 2796 1839 2799 1839 2803 1839 2807 1839 2853 1805 2857 1770 2853 1659 2726 1636 2723 1636 2592 1655 2546 1616 2546 1613 2542 1613 2538 1613 2461 1613 2458 1613 2454 1613 2450 1613 2450 1616 2408 1655 2208 1655 2154 1609 2150 1609 2146 1609 2143 1609 2139 1609 2024 1651 1947 1609 1943 1609 1820 1609 1816 1609 1812 1609 1808 1609 1739 1651 1628 1639 1593 1609 1593 1605 1590 1605 1586 1605 1582 1605 1244 1647 960 1613 956 1613 952 1613 948 1613 948 1616 917 1647 860 1647 775 1601 771 1601 622 1597 622 1755"/></Shape>
            <String CONTENT="Et puis apres, s’il eſt meſtier,"
                    HPOS="618"
                    VPOS="1597"
                    WIDTH="2239"
                    HEIGHT="242"
                    WC="0.9856577925384045"></String>
          </TextLine>
          <TextLine ID="eSc_line_63c7f893"
                    TAGREFS="LT8"
                    BASELINE="622 1970 2692 1981" 
                    HPOS="618"
                    VPOS="1816"
                    WIDTH="2074"
                    HEIGHT="246">
            <Shape><Polygon POINTS="622 1970 618 2008 722 2047 725 2047 729 2047 733 2047 802 2020 841 2050 844 2050 848 2050 852 2054 1075 2054 1075 2050 1079 2050 1083 2050 1125 2020 1171 2047 1175 2047 1252 2050 1255 2050 1259 2050 1263 2050 1290 2027 1336 2054 1340 2054 1344 2054 1497 2031 1666 2054 1670 2054 1674 2054 1678 2054 1678 2050 1712 2020 1920 2020 2012 2058 2016 2058 2020 2062 2154 2062 2154 2058 2158 2058 2227 2023 2300 2043 2304 2043 2308 2043 2312 2043 2369 2023 2415 2047 2419 2047 2423 2047 2615 2023 2680 2043 2692 1981 2688 1824 2527 1824 2523 1824 2519 1824 2515 1824 2465 1870 2031 1870 2004 1843 2000 1843 1997 1843 1993 1843 1897 1862 1832 1820 1828 1820 1824 1820 1720 1820 1716 1820 1712 1820 1709 1820 1647 1866 1374 1866 1305 1831 1301 1831 1298 1831 1294 1831 1290 1831 1248 1858 1144 1831 1140 1831 1136 1831 1133 1831 1094 1847 1067 1824 1063 1824 1060 1824 1056 1824 1052 1824 990 1847 887 1816 883 1816 879 1816 622 1824 622 1970"/></Shape>
            <String CONTENT="Ie l’excuſeray de tout mal"
                    HPOS="618"
                    VPOS="1816"
                    WIDTH="2074"
                    HEIGHT="246"
                    ></String>
          </TextLine>
          <TextLine ID="eSc_line_c7b8a3cc"
                    TAGREFS="LT8"
                    BASELINE="618 2189 3199 2212" 
                    HPOS="614"
                    VPOS="2020"
                    WIDTH="2652"
                    HEIGHT="253">
            <Shape><Polygon POINTS="614 2227 791 2254 795 2254 798 2254 898 2219 1152 2258 1156 2258 1159 2258 1229 2223 1294 2258 1298 2258 1301 2262 1440 2262 1440 2258 1444 2258 1447 2258 1490 2227 1540 2250 1543 2250 1547 2250 1551 2250 1616 2227 1816 2227 1904 2265 1908 2265 1912 2265 2050 2262 2054 2262 2058 2262 2097 2231 2150 2231 2196 2265 2200 2265 2204 2265 2208 2265 2212 2265 2338 2231 2584 2258 2588 2258 2592 2258 2619 2242 2657 2269 2661 2269 2665 2269 2669 2269 2673 2269 2769 2242 2903 2273 2907 2273 2911 2273 3011 2250 3266 2265 3133 2265 3137 2265 3195 2235 3199 2212 3199 2085 3126 2039 3122 2039 3118 2039 3061 2039 3057 2039 3053 2039 3049 2039 2999 2077 2918 2039 2915 2039 2646 2035 2642 2035 2638 2035 2531 2062 2396 2035 2392 2035 2388 2035 2385 2035 2315 2081 1908 2081 1782 2077 1724 2027 1720 2027 1716 2027 1712 2027 1574 2054 1532 2027 1528 2027 1524 2027 1401 2023 1398 2023 1394 2023 1286 2070 1167 2050 1163 2050 1159 2050 1106 2070 841 2066 714 2020 710 2020 706 2020 618 2031 618 2189"/></Shape>
            <String CONTENT="Enuers mon Seigneur l&#x27;Official."
                    HPOS="614"
                    VPOS="2020"
                    WIDTH="2652"
                    HEIGHT="253"
                    WC="0.9846366259359545"></String>
          </TextLine>
          <TextLine ID="eSc_line_b92797ef"
                    TAGREFS="LT8"
                    BASELINE="637 2408 3445 2438" 
                    HPOS="637"
                    VPOS="2254"
                    WIDTH="2808"
                    HEIGHT="284">
            <Shape><Polygon POINTS="637 2408 637 2450 675 2450 768 2507 771 2507 775 2507 779 2507 1017 2488 1167 2511 1171 2511 1175 2511 1278 2457 1348 2484 1351 2484 1355 2488 1355 2484 1359 2484 1432 2454 1682 2454 1759 2519 1762 2519 1766 2519 1770 2519 1920 2515 1924 2515 1928 2515 2020 2457 2123 2496 2127 2496 2131 2496 2135 2496 2204 2461 2511 2461 2554 2488 2557 2488 2561 2488 2565 2488 2868 2469 2957 2530 2961 2530 2965 2530 2968 2534 3049 2534 3049 2530 3053 2530 3057 2530 3087 2504 3126 2534 3130 2534 3133 2534 3137 2538 3441 2538 3445 2438 3445 2331 3299 2304 3295 2304 3291 2304 3222 2327 3057 2296 3053 2296 2949 2319 2899 2277 2895 2277 2892 2277 2888 2277 2607 2319 2392 2269 2388 2269 2089 2315 1916 2292 1912 2292 1908 2292 1870 2312 1689 2308 1632 2262 1628 2262 1624 2262 1559 2262 1555 2262 1551 2262 1547 2262 1494 2308 1348 2269 1344 2269 1340 2269 1167 2285 1106 2258 1102 2258 1098 2258 844 2300 748 2254 745 2254 741 2254 637 2254 637 2408"/></Shape>
            <String CONTENT="Quelques chappons feront la paix."
                    HPOS="637"
                    VPOS="2254"
                    WIDTH="2808"
                    HEIGHT="284"
                    WC="0.9767217925100615"></String>
          </TextLine>
          <TextLine ID="eSc_line_5ce2a748"
                    TAGREFS="LT8"
                    BASELINE="610 2626 3007 2646" 
                    HPOS="606"
                    VPOS="2488"
                    WIDTH="2401"
                    HEIGHT="250">
            <Shape><Polygon POINTS="610 2626 606 2673 760 2707 764 2707 768 2707 871 2680 990 2719 994 2719 998 2719 1002 2719 1044 2696 1083 2726 1086 2726 1090 2726 1094 2726 1394 2684 1440 2722 1440 2726 1444 2726 1447 2726 1451 2730 1574 2730 1574 2726 1578 2726 1666 2688 1801 2688 1847 2730 1851 2730 1855 2730 1858 2734 2020 2734 2020 2730 2024 2730 2027 2730 2081 2692 2338 2692 2396 2734 2400 2734 2404 2734 2711 2738 2715 2738 2719 2738 2826 2696 3003 2696 3007 2646 3007 2546 2965 2523 2961 2523 2957 2523 2953 2523 2899 2538 2853 2504 2849 2504 2845 2504 2842 2504 2565 2538 1762 2534 1701 2496 1697 2496 1693 2496 1689 2496 1459 2527 1209 2496 1205 2496 1202 2496 1198 2496 1152 2527 1102 2507 1098 2507 1094 2507 933 2523 864 2492 860 2492 610 2488 610 2626"/></Shape>
            <String CONTENT="Mais puis qu’icy rien ie ne fais"
                    HPOS="606"
                    VPOS="2488"
                    WIDTH="2401"
                    HEIGHT="250"
                    WC="0.9811514485627413"></String>
          </TextLine>
          <TextLine ID="eSc_line_4fd2d8e6"
                    TAGREFS="LT8"
                    BASELINE="614 2849 2842 2865" 
                    HPOS="610"
                    VPOS="2699"
                    WIDTH="2232"
                    HEIGHT="277">
            <Shape><Polygon POINTS="614 2849 610 2907 1106 2911 1194 2968 1198 2968 1202 2968 1205 2968 1209 2968 1282 2934 1355 2968 1359 2968 1363 2968 1494 2949 1551 2968 1555 2968 1559 2968 1651 2949 1928 2964 1931 2964 1935 2964 1939 2964 1970 2941 2131 2972 2135 2976 2269 2976 2269 2972 2273 2972 2319 2945 2358 2972 2362 2972 2365 2972 2369 2972 2373 2972 2423 2953 2534 2976 2538 2976 2542 2976 2657 2934 2696 2968 2700 2968 2703 2968 2707 2972 2838 2972 2842 2865 2838 2757 2688 2726 2684 2726 2469 2749 2415 2722 2411 2722 2408 2722 2292 2749 2242 2711 2239 2711 2235 2711 2116 2711 2112 2711 2108 2711 2035 2749 2012 2730 2008 2730 2004 2730 2000 2730 1832 2745 1766 2711 1762 2711 1759 2711 1616 2742 1482 2726 1478 2726 1252 2745 1209 2719 1205 2719 1202 2719 1198 2719 1194 2719 1136 2742 1083 2719 1079 2719 1075 2719 990 2734 940 2703 937 2703 933 2703 929 2703 783 2726 614 2699 614 2849"/></Shape>
            <String CONTENT="Ie la vay querir: ne bougez."
                    HPOS="610"
                    VPOS="2699"
                    WIDTH="2232"
                    HEIGHT="277"
                    WC="0.9743167757987976"></String>
          </TextLine>
          <TextLine ID="eSc_line_c75de71b"
                    TAGREFS="LT10"
                    BASELINE="1762 3114 2120 3114" 
                    HPOS="1762"
                    VPOS="2953"
                    WIDTH="358"
                    HEIGHT="234">
            <Shape><Polygon POINTS="1762 3187 2120 3176 2120 3114 2120 2984 1943 2953 1939 2953 1762 2957 1762 3114"/></Shape>
            <String CONTENT="Poſe."
                    HPOS="1762"
                    VPOS="2953"
                    WIDTH="358"
                    HEIGHT="234"
                    ></String>
          </TextLine>
          <TextLine ID="eSc_line_cb69522d"
                    TAGREFS="LT10"
                    BASELINE="779 3275 3410 3314" 
                    HPOS="775"
                    VPOS="3141"
                    WIDTH="2635"
                    HEIGHT="265">
            <Shape><Polygon POINTS="3352 3187 3314 3183 3295 3179 779 3141 779 3275 775 3325 856 3356 860 3356 864 3356 867 3356 871 3356 917 3325 964 3345 967 3345 971 3345 975 3345 979 3345 1013 3325 1167 3325 1205 3356 1209 3356 1213 3356 1217 3356 1221 3356 1275 3329 1313 3352 1317 3352 1321 3352 1325 3352 1328 3352 1394 3333 1701 3333 1820 3341 1885 3383 1889 3383 1893 3383 1897 3383 1901 3383 1981 3341 2066 3341 2116 3383 2116 3387 2120 3387 2123 3387 2546 3391 2550 3391 2554 3391 2588 3372 2615 3395 2619 3395 2623 3395 2884 3398 2888 3398 2892 3398 2995 3356 3099 3356 3172 3402 3176 3402 3180 3402 3183 3406 3406 3406 3410 3314 3406 3191 3391 3191"/></Shape>
            <String CONTENT="Il s’en va chercher Simonie au lieu de Verité."
                    HPOS="775"
                    VPOS="3141"
                    WIDTH="2635"
                    HEIGHT="265"
                    WC="0.9752155986238034"></String>
          </TextLine>
          <TextLine ID="eSc_line_25520f8f"
                    TAGREFS="LT8"
                    BASELINE="595 3564 2169 3564 3214 3594" 
                    HPOS="591"
                    VPOS="3375"
                    WIDTH="2623"
                    HEIGHT="285">
            <Shape><Polygon POINTS="595 3564 591 3598 741 3602 833 3640 837 3640 841 3640 1808 3613 1928 3652 1931 3652 1935 3652 2246 3617 2346 3652 2350 3652 2354 3652 2358 3652 2362 3652 2404 3621 2719 3621 2819 3660 2822 3660 2826 3660 3045 3637 3133 3660 3137 3660 3141 3660 3145 3660 3210 3621 3214 3594 3214 3468 2976 3456 2918 3406 2915 3406 2911 3406 2907 3406 2903 3406 2788 3448 2692 3395 2688 3395 2623 3395 2619 3395 2615 3395 2507 3448 2358 3391 2354 3391 2223 3391 2219 3391 2216 3391 2100 3448 1928 3452 1816 3444 1751 3387 1747 3387 1743 3387 1739 3387 1735 3387 1543 3448 1474 3387 1474 3383 1470 3383 1467 3383 1363 3383 1359 3383 1355 3383 1225 3448 1075 3448 983 3444 879 3379 875 3379 871 3379 595 3375 595 3564"/></Shape>
            <String CONTENT="I’ay mes menſonges bien forgez,"
                    HPOS="591"
                    VPOS="3375"
                    WIDTH="2623"
                    HEIGHT="285"
                    WC="0.9865850729327048"></String>
          </TextLine>
          <TextLine ID="eSc_line_e9651115"
                    TAGREFS="LT8"
                    BASELINE="599 3782 3160 3798" 
                    HPOS="595"
                    VPOS="3617"
                    WIDTH="2565"
                    HEIGHT="246">
            <Shape><Polygon POINTS="599 3782 595 3829 1071 3852 1075 3852 1321 3829 1401 3855 1405 3855 1409 3855 1659 3829 2146 3852 2150 3852 2154 3852 2235 3832 2273 3859 2277 3859 2281 3859 2285 3859 2484 3832 2600 3863 2603 3863 2607 3863 2865 3836 3126 3863 3130 3863 3133 3863 3137 3863 3157 3840 3160 3798 3153 3667 2895 3667 2849 3640 2845 3640 2842 3640 2838 3640 2834 3640 2761 3675 2577 3675 2527 3629 2523 3629 2519 3629 2438 3629 2434 3629 2431 3629 2427 3629 2365 3667 2258 3667 2177 3629 2173 3629 2027 3629 2024 3629 2020 3629 2016 3629 1974 3667 1928 3637 1924 3637 1920 3637 1916 3637 1912 3637 1908 3637 1908 3640 1878 3667 1782 3629 1778 3629 1774 3629 1770 3629 1686 3667 1509 3667 1432 3625 1428 3625 1267 3625 1263 3625 1259 3625 1194 3660 987 3637 983 3637 979 3637 902 3660 806 3621 802 3621 599 3617 599 3782"/></Shape>
            <String CONTENT="D’auoir Aucun ſi bien ſurprins."
                    HPOS="595"
                    VPOS="3617"
                    WIDTH="2565"
                    HEIGHT="246"
                    WC="0.9814445434078094"></String>
          </TextLine>
          <TextLine ID="eSc_line_10d8bde4"
                    TAGREFS="LT8"
                    BASELINE="610 3998 2826 4017" 
                    HPOS="606"
                    VPOS="3829"
                    WIDTH="2220"
                    HEIGHT="253">
            <Shape><Polygon POINTS="610 3998 606 4032 764 4055 768 4055 902 4040 1052 4070 1056 4070 1060 4070 1121 4047 1367 4070 1371 4070 1374 4070 1378 4070 1378 4067 1405 4044 1651 4074 1655 4074 1659 4074 1724 4047 1985 4047 2004 4067 2004 4070 2008 4070 2012 4070 2016 4070 2231 4051 2269 4078 2273 4078 2277 4078 2381 4082 2385 4082 2388 4082 2446 4055 2623 4082 2627 4082 2822 4055 2826 4017 2826 3898 2769 3875 2765 3875 2761 3875 2757 3875 2688 3894 2600 3848 2596 3848 2504 3848 2500 3848 2496 3848 2408 3894 2315 3867 2312 3867 2308 3867 2304 3867 2254 3882 2181 3848 2177 3848 2173 3848 2169 3848 2143 3863 2127 3848 2127 3844 2123 3844 2120 3844 1939 3840 1866 3840 1862 3840 1858 3840 1766 3886 1536 3859 1532 3859 1528 3859 1463 3882 1075 3882 1017 3855 1013 3855 1010 3855 848 3878 779 3832 775 3832 771 3832 610 3829 610 3998"/></Shape>
            <String CONTENT="Si ie puis, tantoſt ſera prins:"
                    HPOS="606"
                    VPOS="3829"
                    WIDTH="2220"
                    HEIGHT="253"
                    WC="0.9845012272557905"></String>
          </TextLine>
          <TextLine ID="eSc_line_5389342d"
                    TAGREFS="LT8"
                    BASELINE="610 4216 3157 4243" 
                    HPOS="606"
                    VPOS="4059"
                    WIDTH="2551"
                    HEIGHT="246">
            <Shape><Polygon POINTS="610 4216 606 4251 733 4278 737 4278 944 4259 987 4286 990 4286 994 4286 998 4286 1148 4263 1386 4289 1390 4289 1655 4274 1705 4293 1709 4293 1712 4293 2050 4270 2169 4297 2173 4297 2177 4297 2235 4274 2427 4301 2431 4301 2434 4301 2438 4301 2469 4278 2842 4282 2861 4301 2861 4305 2865 4305 2868 4305 2872 4305 3153 4278 3157 4243 3157 4082 3061 4082 3057 4082 3053 4082 2965 4120 2892 4101 2888 4101 2884 4101 2880 4101 2799 4120 2707 4078 2703 4078 2700 4078 2458 4117 2415 4097 2411 4097 2408 4097 2304 4113 2246 4086 2242 4086 2239 4086 2070 4113 1889 4078 1885 4078 1881 4078 1824 4109 1705 4109 1586 4078 1582 4078 1578 4078 1344 4105 1190 4070 1186 4070 1182 4070 1098 4101 979 4059 975 4059 971 4059 610 4074 610 4216"/></Shape>
            <String CONTENT="Car i’aimerois mieux par b mol"
                    HPOS="606"
                    VPOS="4059"
                    WIDTH="2551"
                    HEIGHT="246"
                    WC="0.9785747945308685"></String>
          </TextLine>
          <TextLine ID="eSc_line_24e698e7"
                    TAGREFS="LT8"
                    BASELINE="606 4435 2127 4443 3610 4470" 
                    HPOS="602"
                    VPOS="4263"
                    WIDTH="3008"
                    HEIGHT="291">
            <Shape><Polygon POINTS="3579 4301 3448 4293 3445 4293 3441 4293 3368 4332 3306 4293 3302 4293 3299 4293 3295 4293 3118 4309 3053 4289 3049 4289 3045 4289 3041 4289 2934 4339 2792 4339 2726 4289 2723 4289 2719 4289 2715 4289 2711 4289 2619 4312 2531 4282 2527 4282 2523 4282 2519 4282 2396 4332 2315 4282 2312 4282 2308 4282 2304 4282 2043 4286 2039 4286 2035 4286 2004 4305 1897 4274 1893 4274 1889 4274 1885 4274 1801 4320 1712 4324 921 4320 779 4263 775 4263 771 4263 675 4266 672 4266 668 4266 606 4305 606 4435 602 4485 806 4512 810 4512 814 4512 902 4489 1140 4489 1252 4528 1255 4528 1259 4528 1543 4524 1547 4524 1551 4524 1590 4497 1659 4531 1663 4531 1666 4531 1770 4512 1928 4535 1931 4535 2081 4504 2258 4504 2434 4539 2438 4539 2442 4539 2550 4508 2673 4543 2676 4543 2680 4543 2684 4543 2784 4520 2934 4543 2938 4543 2941 4543 2991 4516 3164 4516 3302 4520 3356 4551 3360 4551 3364 4554 3606 4554 3610 4470 3598 4328 3579 4301"/></Shape>
            <String CONTENT="Chanter, que reſpondre à ſainct Paul,"
                    HPOS="602"
                    VPOS="4263"
                    WIDTH="3008"
                    HEIGHT="291"
                    WC="0.9975091187577498"></String>
          </TextLine>
          <TextLine ID="eSc_line_48dd6a57"
                    TAGREFS="LT8"
                    BASELINE="610 4658 2596 4670" 
                    HPOS="606"
                    VPOS="4504"
                    WIDTH="1990"
                    HEIGHT="223">
            <Shape><Polygon POINTS="610 4658 606 4712 1179 4693 1332 4723 1336 4723 1340 4723 1409 4696 1559 4716 1563 4716 1674 4696 1751 4723 1755 4723 1759 4723 2031 4704 2112 4727 2116 4727 2120 4727 2123 4727 2212 4704 2281 4727 2285 4727 2289 4727 2292 4727 2296 4727 2335 4704 2550 4727 2554 4727 2557 4727 2561 4727 2592 4696 2596 4670 2592 4554 2266 4554 2227 4516 2227 4512 2223 4512 2219 4512 2093 4512 2089 4512 2085 4512 2081 4512 2031 4551 1889 4524 1885 4524 1720 4543 1663 4508 1659 4508 1655 4508 1540 4508 1536 4508 1532 4508 1528 4508 1528 4512 1490 4551 1278 4551 1244 4524 1240 4524 1236 4524 1232 4524 964 4543 925 4508 925 4504 921 4504 917 4504 856 4504 852 4504 848 4504 844 4504 844 4508 814 4539 745 4504 741 4504 737 4504 610 4516 610 4658"/></Shape>
            <String CONTENT="Et à toutes ſes queſtions:"
                    HPOS="606"
                    VPOS="4504"
                    WIDTH="1990"
                    HEIGHT="223"
                    WC="0.9852696414347049"></String>
          </TextLine>
          <TextLine ID="eSc_line_350c98c3"
                    TAGREFS="LT8"
                    BASELINE="614 4881 2596 4889" 
                    HPOS="610"
                    VPOS="4720"
                    WIDTH="1986"
                    HEIGHT="230">
            <Shape><Polygon POINTS="614 4881 610 4912 683 4938 687 4938 691 4938 695 4938 741 4919 764 4942 768 4942 771 4942 775 4946 929 4946 929 4942 933 4942 937 4942 937 4938 964 4915 1098 4942 1102 4942 1328 4915 1355 4938 1355 4942 1359 4942 1363 4942 1367 4946 1432 4946 1432 4942 1578 4915 1797 4938 1801 4938 1951 4919 1981 4942 1981 4946 1985 4946 1989 4946 1993 4950 2135 4950 2135 4946 2139 4946 2143 4946 2173 4923 2258 4946 2262 4946 2266 4946 2269 4946 2312 4923 2338 4946 2342 4946 2346 4946 2350 4950 2592 4950 2596 4889 2596 4773 2515 4746 2511 4746 2507 4746 2200 4769 2120 4735 2116 4735 2112 4735 2108 4735 2054 4750 1977 4727 1974 4727 1970 4727 1966 4727 1962 4727 1962 4731 1924 4769 1782 4769 1693 4727 1689 4727 1605 4723 1313 4723 1309 4723 1305 4723 1301 4723 1240 4769 879 4769 614 4720 614 4881"/></Shape>
            <String CONTENT="I’ay mes diſsimulations,"
                    HPOS="610"
                    VPOS="4720"
                    WIDTH="1986"
                    HEIGHT="230"
                    WC="0.9678532481193542"></String>
          </TextLine>
          <TextLine ID="eSc_line_ad2860eb"
                    TAGREFS="LT8"
                    BASELINE="614 5096 2780 5111" 
                    HPOS="610"
                    VPOS="4938"
                    WIDTH="2170"
                    HEIGHT="231">
            <Shape><Polygon POINTS="614 5096 610 5130 718 5157 722 5157 725 5157 729 5157 729 5154 748 5138 848 5157 852 5157 979 5138 1156 5161 1159 5165 1321 5165 1321 5161 1325 5161 1328 5161 1328 5157 1348 5142 1655 5161 1659 5161 1663 5161 1666 5161 1697 5142 1805 5161 1808 5161 1881 5146 1901 5161 1901 5165 1904 5165 1908 5165 1912 5165 2219 5146 2277 5169 2281 5169 2285 5169 2511 5150 2673 5169 2676 5169 2776 5146 2780 5111 2780 4988 2711 4950 2707 4950 2703 4950 2700 4950 2538 4977 2504 4950 2500 4950 2496 4950 2392 4950 2388 4950 2385 4950 2246 4988 2223 4958 2219 4958 2219 4954 2216 4954 2212 4954 2208 4954 2204 4954 2200 4954 2177 4973 2085 4946 2081 4946 2077 4946 2073 4946 2070 4946 2043 4969 2012 4946 2008 4946 2004 4946 1847 4946 1843 4946 1839 4946 1697 4985 1305 4985 852 4981 833 4954 829 4954 829 4950 825 4950 821 4950 679 4938 675 4938 672 4938 668 4938 614 4969 614 5096"/></Shape>
            <String CONTENT="Ou mon cœur eſt enraciné."
                    HPOS="610"
                    VPOS="4938"
                    WIDTH="2170"
                    HEIGHT="231"
                    WC="0.9836250795767858"></String>
          </TextLine>
          <TextLine ID="eSc_line_ed5949f1"
                    TAGREFS="LT10"
                    BASELINE="1563 5292 2726 5296" 
                    HPOS="1559"
                    VPOS="5138"
                    WIDTH="1167"
                    HEIGHT="219">
            <Shape><Polygon POINTS="1559 5338 1989 5357 1993 5357 1997 5357 2000 5357 2035 5334 2338 5357 2342 5357 2346 5357 2411 5334 2723 5334 2726 5296 2723 5188 2565 5188 2350 5142 2346 5142 2193 5157 2189 5157 2185 5157 2154 5180 2108 5142 2104 5142 2100 5142 2043 5142 2039 5142 2035 5142 2031 5142 2031 5146 2008 5169 1974 5154 1970 5154 1966 5154 1962 5154 1897 5184 1851 5154 1847 5154 1843 5154 1839 5154 1835 5154 1793 5169 1563 5138 1563 5292"/></Shape>
            <String CONTENT="Il parle à Auarice."
                    HPOS="1559"
                    VPOS="5138"
                    WIDTH="1167"
                    HEIGHT="219"
                    WC="0.9631378412246704"></String>
          </TextLine>
          <TextLine ID="eSc_line_c8ea5c9e"
                    TAGREFS="LT8"
                    BASELINE="606 5499 1528 5491 2888 5511" 
                    HPOS="602"
                    VPOS="5323"
                    WIDTH="2286"
                    HEIGHT="257">
            <Shape><Polygon POINTS="606 5499 602 5553 1202 5538 1255 5572 1259 5572 1263 5572 1267 5572 1651 5568 1655 5568 1747 5541 1839 5576 1843 5576 1847 5576 1851 5576 1920 5545 1977 5545 2020 5576 2024 5576 2027 5576 2362 5580 2365 5580 2577 5568 2580 5568 2584 5568 2584 5564 2603 5549 2799 5580 2803 5580 2884 5564 2888 5511 2888 5376 2845 5376 2807 5338 2807 5334 2803 5334 2799 5334 2796 5334 2792 5334 2684 5372 2607 5334 2603 5334 2600 5334 2242 5369 2073 5330 2070 5330 2066 5330 2062 5330 2004 5369 1943 5330 1939 5330 1935 5330 1816 5330 1812 5330 1808 5330 1709 5365 1540 5326 1536 5326 1532 5326 1528 5326 1528 5330 1490 5369 1348 5369 1121 5361 1067 5323 1063 5323 1060 5323 1056 5323 1052 5323 971 5365 841 5365 783 5323 779 5323 775 5323 771 5323 606 5323 606 5499"/></Shape>
            <String CONTENT="Ma dame, Aucun i’ay affiné,"
                    HPOS="602"
                    VPOS="5323"
                    WIDTH="2286"
                    HEIGHT="257"
                    WC="0.9779849414314542"></String>
          </TextLine>
          <TextLine ID="eSc_line_c25f3e95"
                    TAGREFS="LT8"
                    BASELINE="599 5707 2915 5722" 
                    HPOS="595"
                    VPOS="5553"
                    WIDTH="2320"
                    HEIGHT="230">
            <Shape><Polygon POINTS="599 5707 595 5745 852 5764 856 5764 860 5764 864 5764 898 5745 1175 5745 1286 5768 1290 5768 1294 5768 1367 5749 1459 5776 1463 5776 1467 5776 1686 5749 1843 5780 1847 5783 2216 5783 2216 5780 2219 5780 2223 5780 2258 5756 2350 5783 2354 5783 2358 5783 2911 5768 2915 5722 2911 5603 2734 5576 2730 5576 2542 5595 2488 5576 2484 5576 2481 5576 2477 5576 2473 5576 2473 5580 2458 5595 2404 5564 2400 5564 2396 5564 2181 5580 2162 5564 2162 5561 2158 5561 2154 5561 2073 5561 2070 5561 2066 5561 2062 5561 2020 5595 1762 5595 1620 5591 1574 5557 1570 5557 1566 5557 1378 5557 1374 5557 1371 5557 1278 5588 1244 5557 1240 5557 1236 5557 1232 5557 1229 5557 1140 5588 960 5588 898 5553 894 5553 668 5553 664 5553 660 5553 599 5580 599 5707"/></Shape>
            <String CONTENT="Cela m’a fait tant demourer:"
                    HPOS="595"
                    VPOS="5553"
                    WIDTH="2320"
                    HEIGHT="230"
                    WC="0.9861120368753161"></String>
          </TextLine>
          <TextLine ID="eSc_line_c80e413a"
                    TAGREFS="LT8"
                    BASELINE="637 5952 2922 5945" 
                    HPOS="633"
                    VPOS="5768"
                    WIDTH="2289"
                    HEIGHT="265">
            <Shape><Polygon POINTS="637 5952 637 5998 914 5998 990 6025 994 6025 998 6025 1152 5998 1317 6021 1321 6021 1325 6021 1405 5998 1440 6029 1444 6029 1447 6029 1451 6033 1632 6033 1632 6029 1636 6029 1639 6029 1639 6025 1670 5998 1747 6025 1785 6025 1789 6025 1881 6010 2016 6025 2020 6025 2024 6025 2085 5995 2388 6021 2392 6021 2922 6010 2922 5945 2911 5799 2461 5810 2381 5772 2377 5772 2373 5772 2231 5787 2162 5768 2158 5768 2154 5768 2150 5768 2146 5768 2077 5810 2004 5768 2000 5768 1997 5768 1993 5768 1989 5768 1935 5814 1897 5814 1832 5768 1828 5768 1824 5768 1820 5768 1816 5768 1812 5768 1739 5814 1348 5814 1225 5772 1221 5772 1060 5772 1056 5772 1052 5772 948 5810 806 5772 802 5772 798 5772 633 5772 637 5952"/></Shape>
            <String CONTENT="Touſiours parle de labourer:"
                    HPOS="633"
                    VPOS="5768"
                    WIDTH="2289"
                    HEIGHT="265"
                    WC="0.9897356735808509"></String>
          </TextLine>
        </TextBlock>
      </PrintSpace>
    </Page>
  </Layout>
</alto>
