4267 7085
665 350 236 201 96

1417 314 1232 209 La Verité cachee.

720 554 2641 268 Ne font que ſe moquer de Dieu,

736 763 2861 287 Et blaſphemer ſon Nom treſſainct,

747 999 2492 264 Par iuſtice on ne les contraint

736 1251 2507 248 De changer leur mauuaiſe vie.

759 1479 2614 256 Or quoy qu’il en ſoit, i’ay enuie,

795 1716 2330 255 (Puis que i’ay l’opportunité)

759 1924 1598 256 De retirer la Verité

767 2153 2303 244 En ma maiſon ſecretement,

763 2361 2582 276 Puis qu’elle n’eſt publiquement

771 2601 2630 248 Auiourd’huy du monde receuë:

787 2818 2362 248 Car mon ame en ſera repeuë,

783 3034 2838 280 S’il plaiſt à Dieu, tant qu’auray vie.

791 3266 2228 264 Et puis que ie voy Simonie

803 3487 1767 256 Et Auarice s’en aller,

806 3707 1969 256 Icy bas me faut deualler

803 3943 1806 233 Pour retirer la Verité,

799 4152 2275 303 De ce lieu plein d’obſcurité.

2188 4412 398 228 Poſe.

1436 4597 1787 268 Il ya au lieu bas ou eſt cachée

1818 4770 964 213 Verité, puis dit:

846 5050 2070 255 O Verité treſnoble dame,

822 5294 2346 236 Sortez de ce lieu tant infame.

858 5514 2594 248 Quand ie vous voy miſe icy bas

830 5727 2508 279 Par tous ceux de l’egliſe, Helas!

830 5959 1984 303 Ie pleure leur perdition.

3381 6187 476 220 Sorté
