4267 7339
705 424 257 240 24

1501 391 1260 228 La Verité cachee.

799 631 2276 298 Ains fait, que par deuotion

836 868 2170 298 (O vray fils de perdition!)

807 1104 2648 274 Les Rois & princes vont baiſer

803 1333 2754 281 Ses ſouliers, pour le mieux priſer.

815 1565 2056 273 Et ſi quelcun faire le nie,

811 1785 2346 290 En ſa fureur l’excommunie:

811 2014 2672 305 Et quand en ſon pouuoir ſeroit,

811 2250 2619 290 Au fonds d’enfer l’abyſmeroit.

815 2487 2705 297 Bref, ſes repugnans plus moleſte

828 2723 2929 294 Qu’humains ne fait mortelle peſte.

807 2988 2423 245 Ainſi ſur tous veut dominer,

803 3221 2382 252 Pour l’Euangile exterminer.

803 3420 2623 273 Il ſe fait nommer Dieu en terre:

832 3661 3071 306 Qui pour paix meut prĩces à guerre.

811 3897 2517 265 Mort il demande, & Ieſus vie,

811 4126 2966 281 Et pour nous ſauuer meurt d’enuie.

828 4374 2676 257 Pour nous eſt las de tant trotter,

815 4607 2346 269 Et l’Antechriſt ſe fait porter

828 4798 3080 318 En grand triõphe & grand' bobãce,

828 5076 2778 273 Monſtrant ſa ſuperbe arrogance.

1056 5284 2856 289 Chriſt au figuier quiert ſa viande,

811 5524 2591 294 Sans en cercher de plus friande.

828 5744 2733 310 Pour boire en Sichar eau requiſt,

844 5989 2533 347 Et d’auoir du vin ne s’enquiſt.

3353 6189 579 289 Chriſt

126 4399 669 208 Iean4a.

122 5312 677 269 Marc11b

146 5716 624 236 Iean4.a.
