4267 7266
734 359 230 250 26

1558 339 1288 222 La Verité cachee.

799 573 2119 262 En telle ſorte il enuenime,

827 815 2773 254 Qu’à meurtrir les bons les anime.

807 1041 2725 274 Et puis qu’vn coup ſont animez,

799 1267 2434 266 Pis qu’aſpics ſont enuenimez

807 1497 2725 262 A pourchaſſer de Chriſt la mort

815 1723 2773 246 En ſes membres, ſans nul remord.

836 1931 2606 285 Voila quelle eſt l’orde vermine

815 2183 2741 263 Par qui ceſt Antechriſt domine,

819 2401 2386 279 Laquelle par tout eſt ſemee,

819 2635 2927 279 Comme quelque engeance affamee,

839 2870 2588 266 Qui le monde ronge & deuore:

843 3096 2931 266 Mais pis ſont que ne dy encore.

827 3326 3040 250 Car leur cœur du tout rien ne penſe,

819 3552 2660 270 Sinon à bien remplir leur pence,

831 3782 1914 242 Et viure delicatement,

819 4012 2567 258 Sans auoir nul contentement:

839 4230 3016 258 Car ouuerte eſt leur geule immunde

819 4468 3125 262 Pour mieux engouffrer tout le mõde:

819 4682 2180 266 Et pour fournir à tel deſir,

839 4904 2382 275 Tout malefice eſt leur plaiſir.

827 5150 2434 255 Ils ont tant fait, & font encor

855 5388 3052 259 Qu’en leur cas on ne voit rien qu’or:

847 5610 2430 259 Et ont par tout tant tracaſſé,

867 5837 2834 274 Qu’ils ont grans threſors amaſſé,

876 6079 2506 294 Terres, chaſteaux, villes, palais,

3330 6305 630 266 Meſme
