4267 6877
3607 366 189 224 3

1342 267 1747 294 PREFACE.

1483 630 1484 241 Peuple. Compagnon.

969 888 2936 304 Compagnon, qu’as-tu entre tes mains?

1743 1184 814 206 Compagnon.

527 1325 3453 279 Vn vieil Traitté, mais tout nouueau reſſemble

1724 1574 505 179 Peuple.

493 1723 2940 286 Eſt-il requis pour l’eſtat des humains?

1701 1979 807 213 Compagnon.

519 2116 3201 275 Voire: d’autant que deux partis enſemble

516 2322 2512 275 Y ſont deſcrits: c’eſt, iuſte Verité,

485 2552 2558 271 Menſonge auſsi pleine d’iniquité,

607 2781 2681 237 Que le monde a pour Verité receuë.

470 2983 2879 260 Mais Verité n’eſtant point apperceuë

454 3178 3388 283 Du peuple ingrat: lors gens pleins de fallace

474 3400 2691 286 Cachée l’ont, ſe mettans en ſa place,

458 3602 3235 302 Puis ont par tout leur menſonge prechée.

1678 3851 470 210 Peuple.

443 3981 3376 305 De mal beaucoup meritent qu’on leur face,

439 4202 2512 287 De ce qu’ils ont la Verité cachée.

1640 4477 795 195 Compagnon.

424 4569 2803 302 Dieu ſoit loué, qui nous l’a relaſchée.

435 4802 2639 286 Menſonge encor ne ceſſe la faſcher

432 5020 3108 290 Par ſes ſuppos, qui taſchent l’empeſcher.

420 5237 3258 272 Mais Dieu treſ-haut Menſonge arrachera,

420 5451 2531 272 Et Verité par tout preſcher fera.

412 5684 3480 291 Parquoy, vous tous autãt hõmes que femmes

2837 5963 520 191 A .ii.

567 790 327 447 O
