4267 6884
3417 397 138 191 93

1492 321 1225 225 La Verité cachee.

600 558 2878 298 Quelque grand' trouppe à l’eſgaree,

574 810 2181 230 Et du bon chemin eſcartee,

562 1002 2457 252 La voudrois-tu ſuiure, dy, Fol,

558 1212 2185 275 Pour en fin te rompre le col

570 1437 2717 276 Auec ceux qui n’ont point de ſens?

558 1659 2105 245 Ainſi, Peuple, ſi tu conſens

558 1881 2243 264 A ceux qui te meinent perir,

562 2099 2208 245 Auec eux te faudra mourir,

585 2302 2522 279 Quand ton Dieu auras delaiſſé.

1014 2680 2043 241 Il regarde Verité cachee en quelque

1492 2868 1102 245 lieu bas & obſcur.

558 3093 2319 283 Mais quand ie ſuis icy baiſſé,

554 3331 2534 283 Ie voy là deſſous quelque choſe.

1565 3606 467 249 Verité.

543 3885 2419 268 C’eſt moy, qui ſuis icy encloſe

558 4130 2304 237 En tenebres, par l’ignorance

539 4356 2656 244 De toy, Peuple, & ta nonchalance:

539 4566 2319 241 Mais ſur tout, par la trahiſon

539 4780 2633 287 De ceux, qui deuroyent la maiſon

531 5017 2603 230 De Dieu gouuerner en droiture,

539 5224 2583 264 Il faut que moy (poure) i’endure

531 5457 2400 237 Long temps y a leur tyrannie.

531 5667 1983 237 Puis Auarice & Simonie

531 5878 2557 298 M’y tiennent touſiours enſerree.
