4267 6935
555 477 2794 270 Dont i’ay acquis mainte prebende,

562 701 2147 242 Et d’amis vne belle bande:

562 924 2209 239 Ayant mon train delicieux:

558 1155 2471 228 Me monſtrant à tous gracieux:

558 1367 2656 235 Afin que chacun mieux me ſuiue,

566 1587 2498 227 Et que ſans trauailler ie viue:¬

570 1806 2675 235 Mais Verité m’eſt trop contraire

558 2022 2487 224 A toutes choſes que veux faire:

551 2238 2956 258 Dont me plains & dueil grandement.

1580 2442 659 208 Auarice.

555 2627 2709 251 Noble Seigneur, Helas! Comment?

585 2847 2078 223 Vous eſt Verité ſi diuerſe,

585 3074 2591 239 Que tous vos faicts elle renuerſe?

562 3297 2367 232 Comment oſe elle à ce penſer?

585 3506 2174 231 Vous feruir ſe doit auancer

585 3725 2417 243 (Si faire veut ce qu’elle doit)

555 3945 2594 266 Si toſt que vous bougez le doigt:

570 4184 2918 242 Et tous ſous vous doiuent trembler,

558 4376 2410 251 Pour à voſtre vueil reſſembler.

555 4619 2690 243 Pas ne vous faut auoir vergongne

593 4839 2556 250 Tenir au peuple voſtre aongne:

589 5047 1924 231 Vous eſtes ſon ſuperieur,

547 5259 1931 231 Et il eſt voſtre inferieur.

574 5478 2351 235 Verité le doit bien cognoiſtre.

558 5705 2410 259 Si vous faut-il eſtre le maiſtre,

1468 223 1280 212 La Verité cachee.

3368 250 158 177 49

2455 5929 435 335 D 2
