4267 6928
3331 225 110 254 15

1317 196 1224 211 La Verité cachee.

369 442 2642 270 Si n’y a-il pourtant qu’vn Chriſt.

373 665 2546 251 Ainſi comme ſainct Paul l’eſcrit,

373 889 2095 250 Lequel eſt ſeul Mediateur

377 1104 2091 231 Entre vous & le Createur.

377 1320 2507 284 Menſonge donques vous abuſe,

439 1551 2560 257 Quand de propos contraires vſe.

381 1766 2903 266 Mais encor plus, vous faiſant croire,

392 1968 2841 295 Qu’on le tient caché dans l’armoire

396 2209 2330 242 Au pain, en grande authorité:

392 2417 2296 254 Mais c’eſt tout contre Verité.

396 2624 2442 281 Menſonge fait vn Dieu de paſte

385 2840 2249 273 Puis (comme le chat à ſa rate,

404 3048 2367 283 Quand d’elle s’eſt ioué de pres)

396 3283 1856 269 Il le deuore puis apres.

415 3490 2276 266 Telle œuure on dit religieuſe:

396 3714 2334 281 Mais pire eſt que prodigieuſe.

415 3930 2950 284 Car Chriſt n’a point fait de promeſſe

388 4141 2407 273 D’eſtre dans le pain de la meſſe.

396 4353 2465 273 Meſme à Chriſt eſt abominable

388 4572 2939 296 D’autant qu’elle eſt l’œuure du diable,

388 4791 2026 258 Par laquelle il eſt renoncé,

392 5003 2411 293 Et maint blaſpheme prononcé:

415 5234 2430 281 Voire en ce qu’on dit viuement,

439 5438 2430 308 Que Chriſt y vient ſubitement.

3372 808 588 265 1.Tim.2.b
