4267 7210
745 420 174 240 32

1652 318 1304 282 La Verité cachee.

901 608 2581 297 Ie conſumeray tout mon bien,

909 845 2440 296 Et n’auray que du iour la vie.

901 1077 2320 284 Il m’eſt aduis qu’auez enuie

901 1285 3053 313 De mon honneur. ô la grand' peine!

913 1534 2091 304 Et ſi i’eſtois vne ſepmaine

921 1758 1959 308 Malade, ſans prouiſion?

2043 1998 565 233 Verité.

921 2187 2212 284 Ce ſont propos d’abuſion.

907 2391 2362 282 Car ſi tu auois cognoiſſance

929 2639 2380 285 De Dieu, & de ſa prouidence

925 2847 2720 305 En luy tu mettrois tout ton bien,

925 3076 2316 288 Sans te ſoucier de plus rien,

937 3304 2512 305 Sinon faire ce qu’il t’ordonne.

943 3496 2819 367 Demander luy peux qu’il te donne

993 3757 2456 312 Ton pain, & croy qu’il le fera,

969 3997 1983 288 Et ce que beſoin te ſera.

973 4185 2480 337 Car iamais les ſiens ne delaiſſe:

969 4426 2604 328 Et s’ils ſont par fois en angoiſſe,

957 4658 2680 300 Dieu les conſole, & leur ſuruient,

965 4882 2993 301 Voire & touſiours d’eux ſe ſouuient.

961 5095 2512 342 Fay ton deuoir en ſa beſongne,

961 5359 2532 292 Et de ſa croix n’ayes vergogne.

941 5575 2300 325 Met en luy ſeul toute ta foy.

2131 5800 693 224 Ministre.

945 5984 2640 340 Vous dites vray: mais i’apperçoy

3653 6212 331 234 Que

246 2463 775 288 Matt6.c.

264 3556 733 301 Matt.6.b

272 4346 665 268 Pſe.46.a.

276 5227 619 372 Luc9.d
