4267 6935
3318 265 178 328 63

1148 269 1234 235 La Verité cachee.

439 500 2459 282 Ie le te dy comme à mon frere.

1591 720 482 262 Peuple.

481 905 2575 289 Quant à moy ie ne ſay qu’y faire:

435 1144 2521 231 Ie viuray comme mes anceſtres,

435 1336 2895 259 Et fuſſent-ils cinq cens fois preſtres.

435 1556 2752 266 Ie laiſſe aux plus grans tel eſmoy,

454 1783 2737 266 Qui ſont bien plus ſages que moy.

435 1991 2166 259 Ainſi ſuiuray la multitude,

404 2190 2573 289 Sans prendre en moy ſolicitude.

1499 2427 709 223 Aucun.

404 2594 2573 278 L’aueugle menant troupe groſſe

447 2827 2366 251 Tombe auec elle dans la foſſe:

412 3051 2872 270 Mais puis qu’auec eux veux florir,

408 3290 1881 235 Auec eux merites perir,

408 3490 2691 243 Puis qu’à Dieu ne te veux reduire:

400 3717 2483 243 Le Seigneur te vueille conduire.

1534 3972 520 227 Peuple.

400 4153 2066 273 Ne ſuis ie pas aſſez reduit,

424 4388 2914 296 Quand par mon Curé ſuis conduit?

1568 4631 517 223 Ancun.

404 4819 2567 262 Mais du nom de Miniſtre abuſe:

412 5058 2367 239 Et voila comment il t’amuſe,

393 5270 2370 251 Pour auoir vers toy tel credit,

424 5486 2459 277 Que tu croyes tout ce qu’il dit:

400 5721 2259 343 Mais croy Verité, ie t'en prie,
