4267 7024
3387 339 194 474 27

1401 359 1230 191 La Verité cachee.

527 518 2330 254 Meſme, à Dieu ſe ſont eſgalez:

519 736 2429 239 Et Ieſus n’a au monde choſe

523 983 2315 230 Ou ſon precieux chef repoſe,

503 1205 2335 234 Lequel d’eſpine eſt couronné,

507 1428 2288 230 Et cil du Pape eſt d’or orné.

503 1627 2670 253 Bref, le Pape eſt à Chriſt contraire

487 1880 2835 242 Plus qu’on ne ſauroit iamais croire.

491 2079 2507 238 Et comme ſes faicts ſont pollus,

480 2298 2221 242 Ses dicts le ſont encore plus:

476 2524 2623 238 D’autant que ſa doctrine infecte,

476 2758 2826 289 L’ame & le corps des humains iette

484 2981 2119 234 En enfer: & onq en tel lieu

503 3203 2175 234 On n’a nulle grace de Dieu.

519 3414 2335 250 Or qu’a-il fait par ſa malice?

472 3621 1917 234 Il a ſoufflé ſur ſon calice

464 3859 2335 238 Et ſur ſon pain, le mot Enim,

456 4097 2468 214 Pour cacher ſon mortel venin:

448 4308 2452 241 Afin qu’on ne ſe prenne garde

448 4522 2538 242 Du fard, dont ſa poiſon il farde:

445 4749 2471 253 Puis par toute Europe a eſpars

437 4975 2385 234 Ses blaſphemes en toutes pars.

460 5186 2659 265 Vray eſt qu’Angleterre & Eſcoſſe

437 5396 2416 246 Chaſſent le Pape auec ſa croſſe:

441 5634 2424 254 Ce qu’Allemagne auoit ia fait,

448 5841 2167 242 Voyant du Pape le forfaict.

437 6064 2580 277 Il reſte encor France & Eſpagne,

3490 518 550 219 Luc9.c.

3505 1108 605 234 Mat.27.d
