4267 7085
570 283 185 228 74

712 472 2153 279 Et ſans de peine trop ſuer.

1771 708 708 205 Ministre.

712 885 2374 268 Nos mains il ne faut polluer,

724 1106 2842 283 Qui ſont de fin creſme eng raiſſees:

708 1342 2759 263 Il faut qu’en repos ſoyent laiſſees,

700 1566 2362 244 Pour de Dieu faire le ſeruice:

708 1790 2681 256 Autrement, ce ſeroit grand vice,

704 2027 2260 248 Si du ſoleil eſtoyent hances?

1964 2259 610 205 Aucun.

716 2424 2614 264 Mais les auez-vous point lauees

704 2645 2547 291 Depuis ceſte belle engraiſſeure?

1857 2893 662 240 Miniſtre.

720 3081 2149 280 Il n’eſt leciue n’eau ſi pure

751 3322 2775 287 Qui peuſt ce ſainct creſme effacer.

1928 3609 614 232 ucun.

728 3802 2393 283 Il ne faut point tant tracaſſer

728 4050 2397 256 Apres tous ces fatras menuz:

728 4266 2468 264 Car on ſait d’ou il ſont venus,

732 4487 2314 271 A ſauoir du Pape de Rome:

743 4719 2819 260 Et Dieu onq n’en parla en ſomme:

743 4943 2382 268 Mais Menſonge les a forgez,

747 5175 2339 264 Et tous ces abus deſgorgez.

736 5396 2696 268 Pourtant il faut trouuer maniere

759 5620 2555 280 Que Verité remonte en chaire:

755 5852 2319 355 I’ay deſir de l’ouyr preſcher.

1460 236 1287 216 La Verité cachee.

3617 6093 228 240 Ie
