4267 7331
1124 215 294 220 308

1988 211 1386 216 CANTIQVES.

1283 423 2639 240 Contre les forts elle n’a eu l’honneur

1084 639 2856 236 De bien combatre en ſeruant le Seigneur:

1084 834 2498 204 Benite ſoit Iael femme vaillante

1084 1042 2767 232 Sur toute femme, aux tentes habitante.

1271 1234 2127 228 Beniſſez tous ceſte Iael icy,

1088 1429 2351 236 Femme d’Aber le Cenien:auſſi

1092 1633 2514 224 De ſa vertu & prouëſſe admirable

1100 1849 2861 228 Qu’on face conte & memoire honorable.

1247 2028 2653 256 Car le Seigneur luy a conduit le cœur,

1092 2252 2869 228 La main, le ſẽs, pour vaincre ce vainqueur:

1088 2447 2861 236 Dieu a fait cas de grand' memoire digne,

1092 2643 2698 224 Par ceſte main foiblette & feminine.

1287 2834 2413 236 A Siſara luy demandant de l’eau,

1088 3017 2799 281 Elle offrit laict & beurre en vn vaiſſeau

1092 3250 2881 244 Seigneurial, puis comme en ma◊on ſeure,

1100 3433 2832 256 Eſtant bien ſaoul il s’endormit, à l’heure.

1320 3641 2572 252 Vn pal aigu elle empoig◊a ſoudain,

1096 3852 2844 228 Puis des ouuriers print à ſa ◊extre main

1128 4044 2829 236 Vn gros maillet, dõt encloua ſes temples:

1124 4247 2833 237 (O fait paſſant tous feminins exemples!)

1194 4455 2775 232 Le chef luy couppe, en terre il ſe courba

1116 4642 2788 224 Mort à ſes pieds tout à l’heure il tomba.

1128 4842 2739 236 Sa mere attend, guignant à la feneſtre,

1132 5042 2743 232 Par vn treillis regarde où il peut eſtre.

1332 5249 2242 208 Où es-tu fils? où eſt-tu Siſara?

1137 5441 2775 236 Quand eſt-ce, làs, que mon œil te verra?

1132 5648 2853 237 Mais pourquoy tãt, tãt par voye demeure

1141 5840 2624 261 Ton chariot? où eſt-il à ceſte heure?

3761 6015 237 301 Des
