4267 8012
298 689 2499 232 Courant comme rats en greniers,

365 859 2267 267 Le Pape & enſemble les ſiens,

293 1086 1947 227 Cardinaux tondus & raſez,

289 1268 2779 298 Pour nourir leurs cheuaux & chiens,

289 1500 2085 262 Par l’œuure de ces deſguiſez

293 1731 2063 245 Ils ont tout le monde abuſé,

285 1949 1763 214 Par leur fauſſe tradition:

285 2149 2040 259 Et leſus Chriſt ont deſpriſé,

320 2372 1884 240 Tous ces fils de perdition.

369 2594 1742 236 Le ciel & auſſi paradis

285 2808 1795 245 Par argent eſtoit deliuré

289 3031 2361 240 Au plus offrant ſans contredits,

285 3244 2075 245 Et celuy qui auoit plus liuré

289 3449 2713 267 Aux ventres gras quand ont chanté,

289 3663 2525 240 Pour manger d’autruy les labeurs,

285 3881 2369 240 Et par leurs chanſons enchanté

285 4103 2587 241 Les bons marchans & laboureurs.

409 4326 2468 249 Rien n’y a que l’argent ne face,

285 4526 1924 254 Là ou ce dieu mortel ſera.

280 4749 2690 276 Les poures meſmes n’auront grace,

276 4954 2293 280 Durant le temps qu’il regnera.

267 5172 2066 253 Pourtant il le faut delaiſſer,

271 5385 1982 245 Et à Ieſus Chriſt recourir,

293 5590 2214 289 Qui pour nos pechez effacer,

262 5817 2134 258 Sans argent, à voulu mourir.

391 6031 2058 276 Le maſtin & loup enragé,

262 6236 1795 267 Pour ſa volupré & deſir,

258 6445 2009 316 Plus ſeurement a fourragé,

739 409 1782 209 SPIRITVELLES.

3100 396 320 276 211

2383 6723 341 320 P. j
