4267 8012
3184 485 303 267 213

837 462 1741 232 SPIRITVELLES.

400 716 1831 254 Ie peux corriger & bouter

387 925 1924 254 Nouueaux articles de la foy.

498 1139 2125 263 La meſſe tu ne chantes plus,

387 1353 1822 236 Diſant que c’eſt infection,

391 1575 1938 258 Et que Chriſt par ſa paſsion.

387 1802 1590 241 A ſatisfait: & au ſurplus,

396 2003 2058 253 Qu'on fait deshonneur à Ieſus

391 2238 954 205 En la chantant.

391 2421 1974 240 Le diable donc l’a mis deſſus,

391 2661 2593 258 Trompant le monde & l’enchantant,

472 2893 2191 249 Des treſpaſſez, & poures morts

387 3097 1875 241 Il ne t’en faut iamais parler:

383 3307 1768 258 N’en nul pelerinage aller,

378 3538 2240 236 Les femmes n’iront plus dehors:

374 3752 2227 249 Et ſi n’auons plus rien des corps,

378 3983 1287 218 Dont viurons nous?

374 4166 1955 249 Si Dieu nous iette cela hors,

374 4397 1959 245 Il nous faudra labourer tous.

458 4624 1800 232 Ie t'ay fait excommunier

374 4816 2142 284 Pour l’Euangile que preſchois,

378 5043 1728 249 Tu perſeueres toutesfois,

365 5247 1937 263 Diſant que ie ſuis vn aſnier:

374 5465 2111 285 Veux tu tant de docteurs nier,

360 5675 949 249 Pour ſouſtenir

356 5884 2035 285 L'Euangile auſsi le Pſautier,

351 6129 2455 280 Par quoy tout mal me peut venir?

445 6342 1808 272 Les images tu as mis bas,

360 6520 2049 348 Auſsi les reliques des ſaincts,
