4267 7559
3063 365 258 252 365

958 333 1455 233 CANTIQVES.

268 558 1905 227 Qu’il a creé la terre ronde,

260 768 1566 231 Et le ciel ainſi eſtendu?

356 978 2491 256 Il fait tout (bref) par ſon pouuoir,

268 1205 2188 222 Sans ſe laſſer ou peine prendre:

251 1390 2306 243 Et n’eſt poſſible de comprendre

251 1608 2306 227 Les grans threſors de ſon ſauoir.

344 1809 2297 227 Il donne aux foibles & aux las

256 2028 2049 252 Grande vigueur & alegreſſe:

243 2238 2255 243 Rompt au contraire la ieuneſſe,

243 2448 1970 231 Et les plus robuſtes met bas

319 2658 2658 260 Mais ceux qui ont foy au Seigneur,

243 2868 2457 231 Las reprendront forces nouuelles,

235 3073 2532 252 Comme aigles eſleuans leurs ailes:

230 3288 2369 231 Et n’auront point faute de cœur.

310 3493 2167 223 Ils courront ſans eſtre laſſez,

226 3703 2461 252 Sans craindre tempeſtes n’orages:

218 3926 2268 244 Et parferont lointains voyages,

207 4119 2017 265 Sans eſtre rompus ny caſſez.

209 4426 3058 302 Priere de Ionas, eſtant au ventre de la Ba¬

314 4682 2714 273 leine, Ionas, chap.2. Sur le ch◊nt du Pſeau¬

692 4892 1806 269 me 6. Ne vueilles pas, &.

541 5156 1508 244 Haute voix ie crie,

562 5387 1865 236 Ie t’inuoque & te prie,

558 5593 2008 244 Seigneur, & tu m’entens

188 5757 1769 286 Du ventre de ce gouffre,

197 5946 1487 306 Où abyſme ie ſouffre,

184 6198 1252 290 Exaucé ie me ſens.

218 5152 319 538 A

2061 6544 542 366 A .i.
