4267 7877
796 577 254 241 48

1759 564 1685 219 CHANSONS

800 1857 349 466 P

792 778 2520 254 Chacun d’eux ſoit condamné.

783 1015 2753 258 Et l’Egliſe ſoit prouueuë bis.

792 1247 2262 236 De gens de meilleure veuë.

1221 1448 2560 249 Chanſon ſur le chant, du Pſeaume, 50.

1794 1658 1479 223 Le Dieu le fort, &c.

1148 1844 2823 263 Renons confort, le Seigneur a parlé:

1148 2054 2869 322 Croy donc Chreſtien de Ieſus appelé

800 2293 2709 249 De toutes parts, cecy eſt euident,

787 2485 3138 250 Il prend les ſiens d’Orient, d’Occident:

809 2708 2867 232 Toſt on verra que de ſa bonté haute

792 2914 2897 267 Benira cil qui craint luy faire faute.

796 3150 2613 215 Ayant receu ces brebis d’vnion

796 3356 2845 232 D’entre les dens du treſcruel Lion,

805 3579 2464 241 Qui les auoit à la mort attirés,

796 3780 2766 224 Pourtans la crois au ciel les à tiré.

800 3999 2819 237 En confeſſant ſa treſpure doctrine.

796 4218 2805 236 Maugré Satan & toute ſa vermine.

949 4402 3020 241 Dõt ces meſchãs diſent en tout endroit

800 4629 3099 232 Lutheriens, ceux qui ont le cœur droit,

805 4839 3133 254 Sans craindre ceux qui ſont enuenimez,

805 5071 2871 215 Papes ne rois contre Dieu animez,

800 5246 3125 281 En les nommant de rage, ſchiſmatiques,

805 5487 3151 245 Pires que chiens, & meſchans heretiques.

993 5684 2963 258 Loups rauiſſans, meurtriſſãs les brebis,

809 5898 3134 232 Sont contre Chriſt & tous ſes ſacrés dits.

809 6122 2910 227 Preſtres infects, enfumés & tondus.

809 6332 3121 245 Moines caphards, vous eſtes confondus:

840 6551 3142 271 Tous cordeliers, pleins de vaine arrogãce

3623 6743 355 298 Sachés
