4267 7925
3236 457 189 326 31

775 457 1761 251 SPIRITVELLES.

178 667 337 508 R

568 693 2193 258 Endre te faut, eſprit malin,

568 917 2232 265 Au Dieu de nature humaine,

184 1157 2554 243 Puis qu’as perdu tout ton engin,

180 1364 2241 234 Suruenant grace ſouueraine.

189 1571 2549 282 Tu as perdu ton grand domaine,

184 1791 2066 194 Et tes excercites mondains.

176 1990 2083 246 Par Ieſus la vertu hautaine

180 2205 2382 234 Sont liez tes pieds & tes mains.

334 2421 2180 238 Du monde il a bien deietté.

198 2632 2030 256 Ta principauté infernale,

189 2857 1810 224 Aux abyſmes precipité,

211 3055 1946 229 Ton art & faute capitale:

198 3262 2034 233 Car à la dextre magiſtrale

184 3469 2202 264 Eſt aſſis noſtre Redempteur,

180 3680 1907 216 Donc ta calomnie fatale

178 3889 2061 258 Nuire ne peut au viateur.

334 4112 2198 246 Car en ſa main forte il a pris

180 4297 2347 281 Noſtre cauſe pour la defendre:

180 4530 2171 264 Et refermez ſont nos eſprits,

180 4719 2669 304 Par ſon ſang qu’il voulut reſpandre.

180 4944 2246 260 Or il faut donc ores entendre

184 5155 2524 273 Qu’au ciel auons pour Procureur

184 5362 2603 295 Celuy qui chair humaine prendre

180 5565 2184 259 A voulu, pour tollir l’erreur.

339 5789 2668 308 Sous l’ombre de ſa croix nous faut

176 5974 1915 295 Eſtre giſans en eſperance,

176 6190 2378 304 Afin d’eſtre en ſon throne haut

193 6406 2154 391 Colloquez en magnificence.
