4267 7603
1178 371 266 207 158

1136 582 1977 237 A effacé ce Ieſus Chriſt.

1296 806 2489 241 Helas, mon Dieu, à qui tient-il,

1161 1017 2446 241 Que Ieſus n’eſt de tous cognu?

1161 1224 2539 254 Qui l’ignore eſt pis que Gentil,

1136 1431 2176 228 Et pour tel doit eſtre tenu.

1136 1634 1542 224 Dieu debonnaire

1132 1841 1500 232 Eſt ſon vray Pere,

1141 2027 2396 279 Qui par ſon eſcrit nous a dit,

1141 2236 2155 260 Que le iuſte de ſa foy vit.

1347 2458 2577 266 I’ay ſouuent le cœur bien pourri

1119 2677 2510 241 Et deſplaiſir ſouuent me poingt:

1132 2884 2539 245 Car chacun eſt de Dieu nourry,

1106 3096 2210 245 Et à luy on ne penſe point:

1106 3303 1428 223 Mais peine dure

1111 3514 1377 224 L’ingrat endure:

1119 3712 2167 237 Chriſt fera les petis enfans

1111 3928 2606 236 Qui le confefſent triomphans.

1267 4130 2387 250 Si i’ayme Ieſus mon Seigneur,

1089 4346 2468 224 Me doit-on pourtant diffamer?

1085 4566 2620 215 Les gens malins l’ont en horteur:

1085 4756 2446 240 Et ne le font que blaſphemer:

1077 4963 1783 236 Mais quoy qu’il tarde,

1098 5178 1529 232 (Prenons y garde)

1068 5381 1931 228 Il en fera certainement,

1073 5592 2450 241 Grand & rigoureux iugement.

1233 5795 2738 257 Chanſon ſur le chant, D’eſtre amoureux, &i.

1458 5987 2422 266 Harité eſt d’amour le vray lien,

1470 6202 2511 304 Fon dee en foy par douce cõiointin,

2146 359 1377 207 CHANSONS.

1077 5920 406 555 C

3848 6437 146 291 Fl
