4267 8012
3091 674 274 280 137

739 609 1737 236 SPIRITVELLES.

391 863 2410 276 Apres que Dieu par ſa benignité

293 1099 2161 214 A ſes eleus aura grace donnee,

293 1295 2624 258 Remplis ſeront de grand’ fecondité

298 1517 2668 254 Pour faire fruit en foy preordonnee.

400 1713 2695 272 Deuant le Chriſt le iuſte marchera,

293 1927 2535 258 En obſeruant de ſes ſtatuts la voye:

289 2145 2815 280 Et tous ſes pas meſme il ordonnera,

307 2359 2895 302 A vn ſeul Dieu, non afin qu’on le voye.

427 2773 2570 324 Chanſon ſur le chant, Auanturiers

855 3008 1376 272 de France, qui, etc.

287 3363 321 476 T

605 3422 1920 299 Ous habitans du monde,

614 3632 1836 313 Faites triomphe à Dieu:

280 3832 2003 327 Ioyeux de cœur immonde,

285 4054 1688 281 Seruez luy en tout lieu:

293 4264 1689 298 Addreſſans tout de hait,

302 4477 1599 299 Vers luy voſtre ſouhait

351 4700 2005 320 Recognoiſſez qu’il œuure,

298 4909 1795 303 Luv ſeul Dieu immortel:

298 5127 1715 290 Et vous a fait ſon œuure,

302 5345 1742 281 Non nous, genre mortel.

298 5541 1831 325 Nous ſommes tous ſa gent,

293 5746 1337 294 Il eſt noſtre regent.

387 5973 2000 360 Entrez dedans ſa porte, 1

311 6182 1377 298 Venez en ſes paruis:

289 6400 1724 330 Faites qu’on luy apporte

280 6614 1630 383 Los par commun auis
