4267 7737
3088 494 258 275 255

778 464 1755 232 SPIRITVELLES.

344 730 2787 245 Et qu’en ces deux y ait ſi bons accords

348 949 2865 241 Que quand l’eſprit à Dieu fera ſeruice,

344 1164 2847 237 Le corps auſſi ſoit prompt à ſon office.

408 1388 2172 215 Or ayez donc en execration

335 1581 2215 237 Tout ce qui ſert à ſuperſtition,

326 1792 2663 228 Et ce qui eſt à voſtre Dieu contraire,

331 1994 2581 236 Si à iamais vous deſirez luy plaire:

408 2200 2835 241 Et ce faiſant, le Seigneur vous tiendra

322 2415 2693 219 De ſa maiſon, & vous y maintiendra,

322 2626 3046 245 Quand vous ſuyurez de cœur ce qu’il cõ¬

412 2841 564 210 mande.

296 3021 3072 297 Luy preſentant corps & ame en offrande.

1376 3283 619 211 Amen.

761 3696 1837 236 Dizain à ce meſme propos.

374 4079 2452 258 Ou s’en fuir, ſouſtenir, ou mourir:

309 4281 3041 296 C’eſt ce que Chriſt enſeigne à tous Chre

391 4513 477 210 ſtiens.

301 4706 2469 262 S'enfuir faut, ſi ne pouuons ſouffrir

314 4930 2933 262 Que pour la foy on nous mette és liens:

301 5127 2641 263 Souſtenir faut pour les celeſtes biens

292 5338 2663 254 Perte, meſchef, priſon & tous aſſaux:

296 5553 2788 258 Bref, il nous faut endurer tous trauaux

292 5764 2615 262 Iuſqu’à mourir, ſi on veut que nions

288 5961 3075 288 La foy en Chriſt: donc comme enfans

387 6168 546 253 loyaux,

296 6383 3050 356 Pour luy mourons, ſouſtenons, ou fuyons.

2275 6666 391 275 r .ii.
