<?xml version="1.0" encoding="UTF-8"?>
<alto xmlns:xsi="http://www.w3.org/2001/XMLSchema-instance"
      xmlns="http://www.loc.gov/standards/alto/ns-v4#"
      xsi:schemaLocation="http://www.loc.gov/standards/alto/ns-v4# http://www.loc.gov/standards/alto/v4/alto-4-2.xsd">
  <Description>
    <MeasurementUnit>pixel</MeasurementUnit>
    <sourceImageInformation>
      <fileName>CRRS02_Chansons_spirituelles.pdf_page_107.png</fileName>
      <fileIdentifier>pdf//CRRS02_Chansons_spirituelles.pdf</fileIdentifier>
    </sourceImageInformation>
  </Description>
  <Tags>
    <OtherTag ID="BT7" LABEL="CustomZone" DESCRIPTION="block type CustomZone"/><OtherTag ID="BT8" LABEL="DamageZone" DESCRIPTION="block type DamageZone"/><OtherTag ID="BT9" LABEL="DigitizationArtefactZone" DESCRIPTION="block type DigitizationArtefactZone"/><OtherTag ID="BT10" LABEL="DropCapitalZone" DESCRIPTION="block type DropCapitalZone"/><OtherTag ID="BT11" LABEL="GraphicZone" DESCRIPTION="block type GraphicZone"/><OtherTag ID="BT12" LABEL="MainZone" DESCRIPTION="block type MainZone"/><OtherTag ID="BT13" LABEL="MarginTextZone" DESCRIPTION="block type MarginTextZone"/><OtherTag ID="BT14" LABEL="MusicZone" DESCRIPTION="block type MusicZone"/><OtherTag ID="BT15" LABEL="NumberingZone" DESCRIPTION="block type NumberingZone"/><OtherTag ID="BT17" LABEL="QuireMarksZone" DESCRIPTION="block type QuireMarksZone"/><OtherTag ID="BT18" LABEL="RunningTitleZone" DESCRIPTION="block type RunningTitleZone"/><OtherTag ID="BT19" LABEL="SealZone" DESCRIPTION="block type SealZone"/><OtherTag ID="BT20" LABEL="StampZone" DESCRIPTION="block type StampZone"/><OtherTag ID="BT21" LABEL="TableZone" DESCRIPTION="block type TableZone"/><OtherTag ID="BT22" LABEL="TitlePageZone" DESCRIPTION="block type TitlePageZone"/>
    <OtherTag ID="LT7" LABEL="CustomLine" DESCRIPTION="line type CustomLine"/><OtherTag ID="LT8" LABEL="DefaultLine" DESCRIPTION="line type DefaultLine"/><OtherTag ID="LT9" LABEL="DropCapitalLine" DESCRIPTION="line type DropCapitalLine"/><OtherTag ID="LT10" LABEL="HeadingLine" DESCRIPTION="line type HeadingLine"/><OtherTag ID="LT11" LABEL="InterlinearLine" DESCRIPTION="line type InterlinearLine"/><OtherTag ID="LT12" LABEL="MusicLine" DESCRIPTION="line type MusicLine"/><OtherTag ID="LT1330" LABEL="default" DESCRIPTION="line type default"/>
  </Tags>
  <Layout>
    <Page WIDTH="4267"
          HEIGHT="8012"
          PHYSICAL_IMG_NR="106"
          ID="eSc_dummypage_">
      <PrintSpace HPOS="0"
                  VPOS="0"
                  WIDTH="4267"
                  HEIGHT="8012">
        <TextBlock HPOS="3136"
                   VPOS="625"
                   WIDTH="408"
                   HEIGHT="308"
                   ID="eSc_textblock_2c5f7939"
                   TAGREFS="BT15">
          <Shape><Polygon POINTS="3136 625 3136 933 3544 933 3544 625"/></Shape>
          <TextLine ID="eSc_line_584d9d03"
                    TAGREFS="LT8"
                    BASELINE="3233 832 3463 832" 
                    HPOS="3231"
                    VPOS="660"
                    WIDTH="228"
                    HEIGHT="348">
            <Shape><Polygon POINTS="3231 827 3231 1008 3459 968 3459 827 3459 667 3231 660 3231 827"/></Shape>
            <String CONTENT="99"
                    HPOS="3231"
                    VPOS="660"
                    WIDTH="228"
                    HEIGHT="348"
                    WC="0.9990905821323395"></String>
          </TextLine>
        </TextBlock>
        <TextBlock HPOS="753"
                   VPOS="607"
                   WIDTH="1803"
                   HEIGHT="299"
                   ID="eSc_textblock_3e41ad72"
                   TAGREFS="BT18">
          <Shape><Polygon POINTS="753 607 753 906 2556 906 2556 607"/></Shape>
          <TextLine ID="eSc_line_834e6330"
                    TAGREFS="LT10"
                    BASELINE="793 823 2498 805" 
                    HPOS="781"
                    VPOS="614"
                    WIDTH="1716"
                    HEIGHT="280">
            <Shape><Polygon POINTS="787 821 787 894 2290 854 2444 881 2450 881 2457 881 2464 881 2497 847 2497 801 2484 654 2310 614 2303 614 1896 654 781 634 787 821"/></Shape>
            <String CONTENT="SPIRITVELLES."
                    HPOS="781"
                    VPOS="614"
                    WIDTH="1716"
                    HEIGHT="280"
                    WC="0.9997369005129888"></String>
          </TextLine>
        </TextBlock>
        <TextBlock HPOS="191"
                   VPOS="906"
                   WIDTH="2909"
                   HEIGHT="5952"
                   ID="eSc_textblock_8df53627"
                   TAGREFS="BT12">
          <Shape><Polygon POINTS="191 6858 201 906 3100 915 3100 6858"/></Shape>
          <TextLine ID="eSc_line_384b7f9c"
                    TAGREFS="LT8"
                    BASELINE="271 1086 2351 1063" 
                    HPOS="267"
                    VPOS="899"
                    WIDTH="2084"
                    HEIGHT="262">
            <Shape><Polygon POINTS="267 952 271 1086 271 1130 369 1161 374 1161 378 1161 601 1126 659 1157 663 1157 668 1161 841 1161 841 1157 846 1157 850 1157 850 1152 886 1121 1091 1152 1095 1152 1380 1126 1509 1152 1514 1152 1518 1152 1674 1112 1812 1135 1817 1135 1973 1108 2022 1139 2026 1139 2031 1139 2035 1139 2039 1139 2133 1112 2244 1139 2249 1139 2253 1139 2258 1139 2351 1099 2351 1063 2342 948 2120 899 2004 899 1999 899 1995 899 1906 948 1803 921 1799 921 1794 921 1790 921 1786 921 1786 925 1759 952 1581 952 1514 908 1509 908 1505 908 1501 908 1496 908 1434 934 1349 908 1345 908 1340 908 1055 961 859 961 837 939 837 934 832 934 828 934 824 934 699 952 659 921 659 916 654 916 650 916 645 916 525 943 414 916 409 916 405 916 285 930 267 952"/></Shape>
            <String CONTENT="Que feray-ie, qui par malice"
                    HPOS="267"
                    VPOS="899"
                    WIDTH="2084"
                    HEIGHT="262"
                    WC="0.987374837909426"></String>
          </TextLine>
          <TextLine ID="eSc_line_790c8d43"
                    TAGREFS="LT8"
                    BASELINE="276 1299 2663 1273" 
                    HPOS="271"
                    VPOS="1121"
                    WIDTH="2392"
                    HEIGHT="254">
            <Shape><Polygon POINTS="276 1299 276 1348 307 1370 311 1370 316 1370 320 1375 320 1370 325 1370 329 1370 365 1344 485 1370 489 1370 1104 1335 1296 1362 1300 1362 1585 1330 1714 1357 1719 1357 1950 1326 2659 1339 2663 1273 2645 1126 2565 1152 2423 1121 2418 1121 2414 1121 2409 1121 2356 1157 2066 1157 1955 1126 1950 1126 1946 1126 1941 1126 1857 1161 1688 1135 1683 1135 1679 1135 1674 1135 1674 1139 1648 1166 1452 1166 1416 1143 1411 1143 1407 1143 1403 1143 1398 1143 1394 1143 1358 1170 1086 1170 828 1139 824 1139 819 1139 703 1170 507 1143 503 1143 498 1143 494 1143 445 1175 383 1143 378 1143 374 1143 271 1148 276 1299"/></Shape>
            <String CONTENT="Tranſgreſſe ce commandement?"
                    HPOS="271"
                    VPOS="1121"
                    WIDTH="2392"
                    HEIGHT="254"
                    WC="0.9962064474821091"></String>
          </TextLine>
          <TextLine ID="eSc_line_edc0ed6b"
                    TAGREFS="LT8"
                    BASELINE="267 1513 2222 1491" 
                    HPOS="262"
                    VPOS="1330"
                    WIDTH="1960"
                    HEIGHT="250">
            <Shape><Polygon POINTS="267 1513 267 1580 449 1553 650 1580 654 1580 659 1580 788 1548 1042 1575 1046 1575 1051 1575 1171 1544 1331 1571 1336 1571 1340 1571 1345 1571 1345 1566 1371 1544 1541 1566 1545 1566 1550 1566 1554 1566 1599 1540 1661 1562 1665 1562 1670 1562 1919 1535 2031 1562 2035 1562 2039 1562 2218 1531 2222 1491 2213 1375 2039 1375 1995 1335 1995 1330 1990 1330 1986 1330 1852 1330 1848 1330 1843 1330 1839 1330 1781 1384 1581 1384 1514 1335 1509 1335 1505 1335 1452 1335 1447 1335 1443 1335 1438 1335 1380 1384 1184 1384 1117 1339 1113 1339 1109 1339 1104 1339 1100 1339 1002 1366 899 1344 895 1344 890 1344 801 1393 556 1393 503 1348 498 1348 494 1348 489 1348 485 1348 387 1379 347 1348 342 1348 338 1348 334 1348 262 1362 267 1513"/></Shape>
            <String CONTENT="le ſuis par la Loy de iuſtice"
                    HPOS="262"
                    VPOS="1330"
                    WIDTH="1960"
                    HEIGHT="250"
                    WC="0.9972430241519007"></String>
          </TextLine>
          <TextLine ID="eSc_line_3202d2a5"
                    TAGREFS="LT8"
                    BASELINE="285 1718 2507 1700" 
                    HPOS="280"
                    VPOS="1548"
                    WIDTH="2227"
                    HEIGHT="236">
            <Shape><Polygon POINTS="285 1718 285 1758 481 1784 485 1784 645 1762 699 1784 703 1784 708 1784 855 1758 979 1780 984 1780 988 1780 993 1780 993 1775 1015 1758 1616 1775 1621 1775 1830 1753 1941 1775 1946 1775 2124 1749 2160 1771 2164 1771 2169 1771 2173 1775 2454 1775 2454 1771 2458 1771 2463 1771 2507 1744 2507 1700 2498 1593 2325 1548 2320 1548 2316 1548 2227 1589 1946 1557 1941 1557 1937 1557 1933 1557 1888 1597 1603 1597 1536 1548 1532 1548 1527 1548 1416 1548 1411 1548 1407 1548 1318 1589 1260 1553 1256 1553 1251 1553 1060 1553 1055 1553 1051 1553 1046 1553 1019 1580 957 1553 953 1553 948 1553 944 1553 828 1606 663 1606 610 1557 605 1557 601 1557 596 1557 592 1557 498 1589 436 1557 432 1557 302 1557 298 1557 293 1557 289 1557 289 1562 285 1562 280 1562 285 1718"/></Shape>
            <String CONTENT="Condamné à ſouffrir torment."
                    HPOS="280"
                    VPOS="1548"
                    WIDTH="2227"
                    HEIGHT="236"
                    WC="0.9832614680131276"></String>
          </TextLine>
          <TextLine ID="eSc_line_cb579621"
                    TAGREFS="LT8"
                    BASELINE="383 1927 2614 1913" 
                    HPOS="378"
                    VPOS="1771"
                    WIDTH="2236"
                    HEIGHT="236">
            <Shape><Polygon POINTS="383 1927 383 1971 743 1971 832 2003 837 2003 841 2007 988 2007 988 2003 993 2003 997 2003 1033 1976 1166 1998 1171 1998 1175 1998 1238 1976 1300 1998 1305 1998 1309 1998 1812 1967 1964 1994 1968 1994 1973 1994 2057 1967 2120 1994 2124 1994 2129 1994 2610 1971 2614 1913 2601 1771 2409 1807 2022 1807 1959 1771 1955 1771 1875 1771 1870 1771 1866 1771 1861 1771 1861 1775 1821 1816 1403 1816 1327 1789 1322 1789 1318 1789 1207 1811 1140 1784 1135 1784 1131 1784 1126 1784 1033 1816 904 1780 899 1780 895 1780 890 1780 761 1811 525 1780 521 1780 378 1802 383 1927"/></Shape>
            <String CONTENT="Damné pourtant ne ſeray pas:"
                    HPOS="378"
                    VPOS="1771"
                    WIDTH="2236"
                    HEIGHT="236"
                    WC="0.9916556539206669"></String>
          </TextLine>
          <TextLine ID="eSc_line_ccdd68d2"
                    TAGREFS="LT8"
                    BASELINE="285 2136 2596 2136" 
                    HPOS="285"
                    VPOS="1980"
                    WIDTH="2311"
                    HEIGHT="209">
            <Shape><Polygon POINTS="285 2136 285 2189 2596 2181 2596 2136 2596 2020 2476 1989 2472 1989 2467 1989 2293 2016 2249 1980 2244 1980 2240 1980 2235 1980 1990 2020 1924 1980 1919 1980 1915 1980 1910 1980 1737 2025 1532 2025 1492 1985 1492 1980 1487 1980 1483 1980 1478 1980 1474 1980 1394 2025 1131 2025 1086 1985 1086 1980 1082 1980 1077 1980 1073 1980 801 2016 766 1985 766 1980 761 1980 757 1980 659 1980 654 1980 463 2020 418 1985 418 1980 414 1980 409 1980 285 1980 285 2136"/></Shape>
            <String CONTENT="Car noſtre Dieu &amp; noſtre Pere,"
                    HPOS="285"
                    VPOS="1980"
                    WIDTH="2311"
                    HEIGHT="209"
                    WC="0.9870989839235942"></String>
          </TextLine>
          <TextLine ID="eSc_line_e6b8b9a9"
                    TAGREFS="LT8"
                    BASELINE="280 2345 2311 2354" 
                    HPOS="276"
                    VPOS="2185"
                    WIDTH="2035"
                    HEIGHT="240">
            <Shape><Polygon POINTS="280 2345 276 2399 810 2421 815 2421 819 2421 824 2421 855 2394 1229 2394 1358 2421 1362 2421 1483 2399 1518 2421 1523 2421 1527 2421 1532 2421 1812 2394 1888 2421 1892 2421 1897 2421 1901 2421 1968 2394 2173 2394 2213 2425 2218 2425 2222 2425 2227 2425 2307 2416 2311 2354 2307 2243 2115 2198 2111 2198 2106 2198 2102 2198 2053 2234 2031 2216 2031 2212 2026 2212 2022 2212 2017 2212 2013 2212 2008 2212 1973 2234 1808 2189 1803 2189 1674 2189 1670 2189 1665 2189 1661 2189 1607 2234 1523 2238 1385 2189 1380 2189 1376 2189 1371 2189 1367 2189 1296 2234 1184 2207 1180 2207 1175 2207 1171 2207 1166 2207 1126 2238 957 2238 895 2203 890 2203 886 2203 587 2234 525 2185 521 2185 516 2185 342 2185 338 2185 334 2185 280 2212 280 2345"/></Shape>
            <String CONTENT="A bien pourueu à noſtre cas,"
                    HPOS="276"
                    VPOS="2185"
                    WIDTH="2035"
                    HEIGHT="240"
                    WC="0.9576809118533957"></String>
          </TextLine>
          <TextLine ID="eSc_line_12558bdd"
                    TAGREFS="LT8"
                    BASELINE="276 2563 2151 2563" 
                    HPOS="276"
                    VPOS="2412"
                    WIDTH="1875"
                    HEIGHT="214">
            <Shape><Polygon POINTS="276 2563 276 2599 432 2626 436 2626 614 2603 904 2626 908 2626 913 2626 975 2603 1095 2626 1100 2626 2151 2599 2151 2563 2151 2448 1973 2416 1968 2416 1768 2448 1732 2416 1732 2412 1728 2412 1723 2412 1719 2412 1505 2452 1224 2452 1171 2412 1166 2412 1162 2412 1158 2412 685 2448 654 2425 650 2425 645 2425 641 2425 481 2448 405 2412 400 2412 396 2412 276 2421 276 2563"/></Shape>
            <String CONTENT="Reparant noſtre vitupere:"
                    HPOS="276"
                    VPOS="2412"
                    WIDTH="1875"
                    HEIGHT="214"
                    WC="0.9869660782814026"></String>
          </TextLine>
          <TextLine ID="eSc_line_27f7b39c"
                    TAGREFS="LT8"
                    BASELINE="276 2759 2712 2777" 
                    HPOS="271"
                    VPOS="2594"
                    WIDTH="2441"
                    HEIGHT="254">
            <Shape><Polygon POINTS="2699 2648 2641 2626 2636 2626 2632 2626 2627 2626 2565 2652 2489 2612 2485 2612 2480 2612 2476 2612 2396 2639 2369 2617 2369 2612 2365 2612 2360 2612 2271 2612 2267 2612 2262 2612 2258 2612 2204 2652 2151 2630 2146 2630 2142 2630 2137 2630 2133 2630 2102 2657 2026 2657 1999 2630 1999 2626 1995 2626 1990 2626 1986 2626 1982 2626 1977 2626 1933 2657 1745 2657 1688 2608 1683 2608 1679 2608 1492 2603 1487 2603 1358 2612 1354 2612 1349 2612 1349 2617 1322 2639 1211 2603 1207 2603 1202 2603 1198 2603 1193 2603 1140 2652 890 2652 752 2648 708 2603 708 2599 703 2599 699 2599 694 2599 445 2643 387 2599 383 2599 378 2599 276 2594 276 2759 271 2804 476 2835 481 2839 837 2839 837 2835 841 2835 846 2835 864 2817 877 2835 881 2835 881 2839 886 2839 890 2839 895 2839 1483 2817 1518 2844 1523 2844 1527 2844 1532 2844 2097 2822 2703 2848 2712 2777 2712 2679 2699 2648"/></Shape>
            <String CONTENT="Donné nous a ſon Fils pour frere,"
                    HPOS="271"
                    VPOS="2594"
                    WIDTH="2441"
                    HEIGHT="254"
                    WC="0.9853587658966289"></String>
          </TextLine>
          <TextLine ID="eSc_line_d4109a9f"
                    TAGREFS="LT8"
                    BASELINE="271 2968 2204 2991" 
                    HPOS="267"
                    VPOS="2808"
                    WIDTH="1937"
                    HEIGHT="245">
            <Shape><Polygon POINTS="267 3017 2195 3053 2204 2991 2200 2875 2022 2870 1968 2830 1964 2830 1959 2830 1955 2830 1750 2862 1714 2830 1714 2826 1710 2826 1705 2826 1701 2826 1697 2826 1536 2866 1434 2822 1429 2822 1425 2822 1420 2822 1416 2822 1416 2826 1371 2866 1207 2866 1135 2822 1131 2822 1126 2822 1122 2822 1117 2822 1042 2857 872 2857 824 2817 819 2817 815 2817 810 2817 645 2857 436 2857 276 2808 271 2968 267 3017"/></Shape>
            <String CONTENT="Portant des eleus le forfait:"
                    HPOS="267"
                    VPOS="2808"
                    WIDTH="1937"
                    HEIGHT="245"
                    WC="0.9957089876306469"></String>
          </TextLine>
          <TextLine ID="eSc_line_22058b2a"
                    TAGREFS="LT8"
                    BASELINE="271 3182 2169 3209" 
                    HPOS="267"
                    VPOS="3026"
                    WIDTH="1902"
                    HEIGHT="258">
            <Shape><Polygon POINTS="271 3182 267 3231 552 3235 619 3271 623 3271 628 3271 806 3240 899 3276 904 3276 908 3276 1242 3249 1331 3276 1336 3276 1340 3276 1487 3249 1594 3249 1643 3284 1648 3284 1652 3284 1656 3284 1982 3258 2160 3271 2169 3209 2169 3102 1955 3062 1950 3062 1946 3062 1941 3062 1906 3089 1835 3044 1830 3044 1826 3044 1701 3044 1697 3044 1692 3044 1688 3044 1612 3097 1541 3097 1456 3093 1398 3040 1394 3040 1389 3040 1256 3040 1251 3040 1247 3040 1242 3040 1189 3089 908 3089 748 3049 743 3049 596 3080 530 3026 525 3026 521 3026 516 3026 512 3026 440 3066 374 3026 369 3026 365 3026 360 3026 271 3035 271 3182"/></Shape>
            <String CONTENT="En ſa mort paradis i’eſpere,"
                    HPOS="267"
                    VPOS="3026"
                    WIDTH="1902"
                    HEIGHT="258"
                    WC="0.9859034286604987"></String>
          </TextLine>
          <TextLine ID="eSc_line_4e9afeea"
                    TAGREFS="LT8"
                    BASELINE="280 3400 2151 3414" 
                    HPOS="276"
                    VPOS="3244"
                    WIDTH="1875"
                    HEIGHT="259">
            <Shape><Polygon POINTS="280 3400 276 3445 458 3454 494 3489 494 3494 498 3494 503 3494 507 3494 512 3494 623 3458 663 3485 668 3485 672 3485 677 3485 832 3458 899 3494 904 3494 908 3494 913 3494 917 3494 917 3489 948 3462 1033 3498 1037 3498 1042 3503 1371 3503 1371 3498 1376 3498 1509 3458 1576 3489 1581 3489 1585 3489 1590 3489 1594 3489 1621 3467 1745 3489 1750 3489 1754 3489 1830 3471 1973 3503 1977 3503 1982 3503 2146 3458 2151 3414 2151 3307 2017 3258 2013 3258 1803 3258 1799 3258 1794 3258 1710 3302 1532 3253 1527 3253 1523 3253 1518 3253 1367 3298 1309 3253 1305 3253 1300 3253 1215 3253 1211 3253 1207 3253 1202 3253 1122 3302 957 3302 498 3271 494 3271 489 3271 454 3289 405 3249 400 3249 396 3249 280 3244 280 3400"/></Shape>
            <String CONTENT="Car pour moy il a ſatisfait."
                    HPOS="276"
                    VPOS="3244"
                    WIDTH="1875"
                    HEIGHT="259"
                    WC="0.9966418615409306"></String>
          </TextLine>
          <TextLine ID="eSc_line_123fd558"
                    TAGREFS="LT8"
                    BASELINE="369 3609 2846 3636" 
                    HPOS="365"
                    VPOS="3462"
                    WIDTH="2572"
                    HEIGHT="241">
            <Shape><Polygon POINTS="365 3645 507 3689 512 3689 516 3689 521 3689 525 3689 570 3663 1193 3698 1198 3698 1768 3667 1835 3703 1839 3703 1843 3703 2017 3667 2837 3698 2846 3636 2937 3534 2748 3485 2743 3485 2739 3485 2534 3511 2436 3480 2431 3480 2427 3480 2423 3480 2325 3507 2298 3489 2293 3489 2289 3489 2284 3489 2280 3489 2276 3489 2249 3516 2200 3489 2195 3489 2191 3489 2022 3516 1892 3476 1888 3476 1884 3476 1745 3507 1492 3471 1487 3471 1483 3471 1478 3471 1429 3507 1193 3507 708 3503 645 3462 641 3462 636 3462 632 3462 628 3462 530 3498 369 3462 369 3609"/></Shape>
            <String CONTENT="La Loy me promet damnement"
                    HPOS="365"
                    VPOS="3462"
                    WIDTH="2572"
                    HEIGHT="241"
                    WC="0.9915398565622476"></String>
          </TextLine>
          <TextLine ID="eSc_line_cd0c4061"
                    TAGREFS="LT8"
                    BASELINE="267 3819 2792 3845" 
                    HPOS="262"
                    VPOS="3658"
                    WIDTH="2530"
                    HEIGHT="258">
            <Shape><Polygon POINTS="267 3819 262 3863 414 3894 418 3894 645 3872 775 3899 779 3899 1060 3876 1389 3903 1394 3903 1398 3903 1469 3881 1501 3903 1505 3903 1509 3903 1514 3903 1790 3885 1950 3912 1955 3912 2365 3890 2730 3916 2734 3916 2739 3916 2788 3890 2792 3845 2788 3730 2699 3730 2632 3681 2627 3681 2623 3681 2618 3681 2614 3681 2525 3712 2454 3681 2449 3681 2445 3681 2440 3681 2436 3681 2400 3707 2365 3681 2365 3676 2360 3676 2356 3676 2351 3676 2173 3698 2097 3676 2093 3676 2088 3676 2084 3676 1977 3721 1812 3721 1754 3672 1750 3672 1745 3672 1741 3672 1737 3672 1630 3712 1554 3676 1550 3676 1545 3676 1541 3676 1536 3676 1483 3716 1135 3716 1091 3667 1091 3663 1086 3663 1082 3663 1077 3663 1073 3663 1068 3663 1015 3707 935 3676 930 3676 926 3676 766 3703 694 3658 690 3658 685 3658 530 3658 525 3658 521 3658 432 3703 360 3658 356 3658 351 3658 347 3658 342 3658 267 3681 267 3819"/></Shape>
            <String CONTENT="En pluſieurs lieux dedans la Bible,"
                    HPOS="262"
                    VPOS="3658"
                    WIDTH="2530"
                    HEIGHT="258"
                    WC="0.9876585858208793"></String>
          </TextLine>
          <TextLine ID="eSc_line_48cd28dd"
                    TAGREFS="LT8"
                    BASELINE="271 4023 2316 4054" 
                    HPOS="267"
                    VPOS="3868"
                    WIDTH="2049"
                    HEIGHT="258">
            <Shape><Polygon POINTS="271 4023 267 4068 1144 4112 1149 4112 1652 4099 1745 4121 1750 4121 1754 4121 1946 4099 2017 4126 2022 4126 2026 4126 2311 4099 2316 4054 2316 3943 2249 3916 2244 3916 2240 3916 2235 3916 2191 3939 1955 3916 1950 3916 1790 3939 1732 3890 1728 3890 1723 3890 1719 3890 1714 3890 1532 3934 979 3930 930 3885 930 3881 926 3881 921 3881 819 3876 815 3876 810 3876 721 3912 681 3876 677 3876 672 3876 668 3876 525 3908 432 3872 427 3872 271 3868 271 4023"/></Shape>
            <String CONTENT="Si ne fay le commandement"
                    HPOS="267"
                    VPOS="3868"
                    WIDTH="2049"
                    HEIGHT="258"
                    WC="0.9959605264663697"></String>
          </TextLine>
          <TextLine ID="eSc_line_38d9d35b"
                    TAGREFS="LT8"
                    BASELINE="262 4237 1545 4268 3051 4268" 
                    HPOS="258"
                    VPOS="4072"
                    WIDTH="2793"
                    HEIGHT="285">
            <Shape><Polygon POINTS="262 4237 258 4295 409 4295 503 4335 507 4335 512 4335 659 4304 717 4335 721 4335 988 4339 993 4339 997 4339 1068 4308 1135 4339 1140 4339 1144 4339 1251 4322 1305 4344 1309 4344 1313 4348 1487 4348 1487 4344 1492 4344 1550 4313 1607 4339 1612 4339 1616 4339 1857 4317 1897 4344 1901 4344 1906 4344 1910 4344 1915 4344 1919 4344 1973 4313 2173 4313 2302 4353 2307 4353 2311 4357 2405 4357 2405 4353 2409 4353 2414 4353 2414 4348 2454 4317 2810 4344 2814 4344 2984 4322 3033 4357 3051 4268 3046 4143 2966 4143 2917 4103 2917 4099 2912 4099 2908 4099 2904 4099 2792 4117 2574 4095 2569 4095 2565 4095 2431 4152 2374 4126 2369 4126 2365 4126 2360 4126 2356 4126 2320 4152 1999 4152 1924 4095 1919 4095 1915 4095 1910 4095 1906 4095 1790 4148 1679 4086 1674 4086 1670 4086 1665 4086 1661 4086 1594 4143 1438 4086 1434 4086 1429 4086 1264 4090 1260 4090 1256 4090 1175 4139 775 4117 770 4117 610 4135 552 4081 552 4077 547 4077 543 4077 262 4072 262 4237"/></Shape>
            <String CONTENT="De Dieu, qui m’eſt choſe impoſſible:"
                    HPOS="258"
                    VPOS="4072"
                    WIDTH="2793"
                    HEIGHT="285"
                    WC="0.9918431705898709"></String>
          </TextLine>
          <TextLine ID="eSc_line_fc1c1d07"
                    TAGREFS="LT8"
                    BASELINE="262 4446 2387 4482" 
                    HPOS="258"
                    VPOS="4281"
                    WIDTH="2129"
                    HEIGHT="276">
            <Shape><Polygon POINTS="262 4446 258 4495 432 4522 436 4522 690 4508 801 4535 806 4535 810 4535 1024 4513 1189 4540 1741 4549 1745 4549 1750 4549 1812 4526 1848 4549 1852 4549 1857 4549 1861 4549 2026 4531 2378 4557 2387 4482 2387 4375 2115 4313 1901 4313 1897 4313 1892 4313 1888 4313 1888 4317 1835 4366 1745 4366 1563 4304 1558 4304 1554 4304 1550 4304 1545 4304 1456 4362 1327 4362 935 4353 864 4299 859 4299 855 4299 850 4299 846 4299 752 4344 690 4290 685 4290 681 4290 677 4290 463 4335 396 4286 391 4286 387 4286 262 4281 262 4446"/></Shape>
            <String CONTENT="Mais à leſus tout eſt poſſible,"
                    HPOS="258"
                    VPOS="4281"
                    WIDTH="2129"
                    HEIGHT="276"
                    WC="0.9932122640311718"></String>
          </TextLine>
          <TextLine ID="eSc_line_88040ea0"
                    TAGREFS="LT8"
                    BASELINE="276 4655 1322 4691 2788 4687" 
                    HPOS="271"
                    VPOS="4508"
                    WIDTH="2517"
                    HEIGHT="259">
            <Shape><Polygon POINTS="276 4655 271 4709 440 4749 445 4749 614 4718 841 4749 846 4749 850 4749 855 4749 890 4727 930 4753 935 4753 939 4753 944 4758 1300 4758 1300 4753 1429 4727 1509 4758 1514 4758 1518 4758 1639 4731 1714 4758 1719 4758 1723 4758 1848 4735 1879 4762 1884 4762 1888 4762 1892 4762 1897 4762 1968 4731 2333 4767 2338 4767 2472 4735 2503 4762 2503 4767 2507 4767 2512 4767 2516 4767 2521 4767 2636 4735 2779 4758 2788 4687 2779 4562 2681 4575 2654 4553 2654 4549 2650 4549 2645 4549 2641 4549 2636 4549 2592 4566 2534 4531 2529 4531 2525 4531 2427 4531 2423 4531 2418 4531 2414 4531 2414 4535 2378 4566 2231 4571 2111 4526 2106 4526 2102 4526 2097 4526 2093 4526 2035 4571 1639 4571 1590 4526 1590 4522 1585 4522 1581 4522 1523 4522 1518 4522 1514 4522 1380 4566 1220 4517 1215 4517 1211 4517 1207 4517 1082 4549 850 4513 846 4513 841 4513 757 4557 565 4535 561 4535 458 4557 387 4508 383 4508 378 4508 374 4508 276 4513 276 4655"/></Shape>
            <String CONTENT="Qui nous dit plus douce chanſon:"
                    HPOS="271"
                    VPOS="4508"
                    WIDTH="2517"
                    HEIGHT="259"
                    WC="0.9957967884838581"></String>
          </TextLine>
          <TextLine ID="eSc_line_f001ae67"
                    TAGREFS="LT8"
                    BASELINE="276 4869 2463 4914" 
                    HPOS="271"
                    VPOS="4709"
                    WIDTH="2192"
                    HEIGHT="285">
            <Shape><Polygon POINTS="276 4869 271 4918 365 4954 369 4954 374 4954 636 4927 708 4962 712 4962 717 4962 721 4962 815 4931 926 4967 930 4967 1224 4971 1229 4971 1233 4971 1296 4940 1362 4976 1367 4976 1371 4976 1808 4958 1906 4985 1910 4985 1915 4985 1919 4985 1924 4985 1924 4980 1955 4954 2084 4976 2088 4976 2235 4958 2316 4994 2320 4994 2325 4994 2458 4962 2463 4914 2463 4802 2249 4749 2244 4749 2240 4749 2235 4749 2160 4771 2022 4744 1964 4744 1959 4744 1955 4744 1950 4744 1888 4793 1714 4762 1710 4762 1705 4762 1701 4762 1656 4789 1527 4789 1469 4735 1465 4735 1460 4735 1456 4735 1452 4735 1313 4780 1251 4731 1247 4731 1242 4731 1238 4731 1233 4731 1091 4776 864 4771 792 4722 788 4722 783 4722 779 4722 534 4767 276 4709 276 4869"/></Shape>
            <String CONTENT="Que noſtre mal eſt remiſſible,"
                    HPOS="271"
                    VPOS="4709"
                    WIDTH="2192"
                    HEIGHT="285"
                    WC="0.9799003402392069"></String>
          </TextLine>
          <TextLine ID="eSc_line_21b5587d"
                    TAGREFS="LT8"
                    BASELINE="271 5078 1897 5118" 
                    HPOS="267"
                    VPOS="4927"
                    WIDTH="1630"
                    HEIGHT="280">
            <Shape><Polygon POINTS="271 5078 267 5123 561 5132 708 5181 712 5181 717 5181 832 5163 1015 5185 1019 5185 1024 5185 1109 5154 1536 5203 1541 5207 1634 5207 1634 5203 1639 5203 1643 5203 1701 5163 1888 5163 1897 5118 1897 5016 1590 4971 1585 4971 1581 4971 1514 5003 1460 4980 1456 4980 1452 4980 1215 4998 1140 4945 1135 4945 1131 4945 988 4945 984 4945 979 4945 868 4989 770 4949 766 4949 761 4949 757 4949 681 4980 628 4931 623 4931 619 4931 538 4931 534 4931 530 4931 525 4931 525 4936 494 4967 396 4927 391 4927 387 4927 271 4940 271 5078"/></Shape>
            <String CONTENT="Car il a payé la rançon."
                    HPOS="267"
                    VPOS="4927"
                    WIDTH="1630"
                    HEIGHT="280"
                    WC="0.9783428999093863"></String>
          </TextLine>
          <TextLine ID="eSc_line_47ac7dcc"
                    TAGREFS="LT8"
                    BASELINE="391 5296 1937 5336 2828 5332" 
                    HPOS="387"
                    VPOS="5149"
                    WIDTH="2441"
                    HEIGHT="281">
            <Shape><Polygon POINTS="391 5296 387 5354 1367 5408 1371 5408 1692 5385 1848 5412 1852 5412 2008 5385 2178 5421 2182 5421 2333 5390 2382 5425 2387 5425 2391 5425 2396 5425 2529 5394 2592 5425 2596 5425 2601 5425 2605 5425 2672 5399 2819 5430 2828 5332 2823 5238 2716 5189 2712 5189 2708 5189 2276 5221 2227 5181 2222 5181 2218 5181 2035 5176 2031 5176 2026 5176 2022 5176 1973 5221 1607 5221 1509 5167 1505 5167 1501 5167 1496 5167 1354 5212 1055 5185 1051 5185 1046 5185 979 5203 953 5176 948 5176 944 5176 939 5176 935 5176 868 5203 734 5172 730 5172 726 5172 721 5172 699 5189 636 5149 632 5149 628 5149 623 5149 619 5149 534 5172 391 5149 391 5296"/></Shape>
            <String CONTENT="La Loy me condamne à la mort,"
                    HPOS="387"
                    VPOS="5149"
                    WIDTH="2441"
                    HEIGHT="281"
                    WC="0.9955508410930634"></String>
          </TextLine>
          <TextLine ID="eSc_line_8a90d55b"
                    TAGREFS="LT8"
                    BASELINE="258 5497 1100 5532 2369 5546" 
                    HPOS="253"
                    VPOS="5359"
                    WIDTH="2116"
                    HEIGHT="276">
            <Shape><Polygon POINTS="258 5497 253 5554 378 5554 427 5590 432 5590 436 5590 440 5590 445 5590 525 5563 587 5563 632 5599 636 5599 641 5599 645 5599 935 5568 988 5595 993 5595 1269 5612 1273 5612 1483 5590 1594 5617 1599 5617 1603 5617 1607 5617 1612 5617 1665 5581 1728 5608 1732 5608 1737 5608 1741 5608 1826 5586 2191 5590 2235 5630 2240 5630 2244 5630 2249 5635 2320 5635 2320 5630 2325 5630 2329 5630 2365 5599 2369 5546 2369 5448 2307 5421 2302 5421 2298 5421 2039 5443 1843 5412 1692 5412 1688 5412 1683 5412 1679 5412 1679 5417 1656 5434 1220 5403 1215 5403 944 5421 824 5368 819 5368 815 5368 610 5417 467 5363 463 5363 258 5359 258 5497"/></Shape>
            <String CONTENT="L’Euangile me promet viure:"
                    HPOS="253"
                    VPOS="5359"
                    WIDTH="2116"
                    HEIGHT="276"
                    WC="0.9940734947169269"></String>
          </TextLine>
          <TextLine ID="eSc_line_7b366f1e"
                    TAGREFS="LT8"
                    BASELINE="262 5706 1202 5746 2356 5759" 
                    HPOS="258"
                    VPOS="5563"
                    WIDTH="2098"
                    HEIGHT="267">
            <Shape><Polygon POINTS="262 5706 258 5750 445 5781 449 5781 547 5764 574 5786 574 5790 579 5790 583 5790 587 5790 712 5777 743 5799 748 5799 752 5799 757 5799 850 5786 864 5804 868 5804 868 5808 872 5808 877 5808 881 5808 886 5808 1002 5777 1046 5813 1051 5813 1055 5813 1242 5817 1247 5817 1251 5817 1256 5817 1282 5790 1331 5817 1336 5817 1340 5817 1345 5817 1349 5817 1389 5786 1420 5808 1420 5813 1425 5813 1429 5813 1434 5813 1438 5813 1492 5790 1607 5826 1612 5826 1616 5826 1790 5808 1928 5830 1933 5830 1937 5830 1941 5830 1986 5795 2347 5817 2356 5759 2356 5644 2235 5617 2231 5617 2227 5617 2222 5617 2160 5657 2044 5621 2039 5621 2035 5621 2031 5621 1973 5652 1817 5626 1812 5626 1683 5644 1656 5621 1652 5621 1648 5621 1643 5621 1518 5648 1269 5648 1113 5612 1109 5612 1104 5612 1100 5612 1060 5639 819 5599 815 5599 810 5599 712 5626 579 5572 574 5572 262 5563 262 5706"/></Shape>
            <String CONTENT="Il eſt certain que i’auray tort"
                    HPOS="258"
                    VPOS="5563"
                    WIDTH="2098"
                    HEIGHT="267"
                    WC="0.968725731295924"></String>
          </TextLine>
          <TextLine ID="eSc_line_61223ed0"
                    TAGREFS="LT8"
                    BASELINE="258 5919 2445 5986" 
                    HPOS="253"
                    VPOS="5759"
                    WIDTH="2192"
                    HEIGHT="294">
            <Shape><Polygon POINTS="258 5919 253 5964 993 6022 997 6022 1002 6022 1073 5991 1140 6022 1144 6022 1149 6022 1416 6000 1527 6035 1532 6035 1536 6035 1656 6009 1692 6035 1697 6035 1701 6035 1705 6035 1830 6017 2004 6053 2008 6053 2151 6022 2338 6049 2342 6049 2440 6026 2445 5986 2445 5884 2374 5884 2302 5830 2298 5830 2293 5830 2289 5830 2284 5830 2204 5862 2017 5822 2013 5822 2008 5822 1906 5866 1848 5817 1843 5817 1839 5817 1835 5817 1830 5817 1826 5817 1781 5853 1616 5826 1612 5826 1452 5853 1407 5817 1403 5817 1398 5817 1394 5817 1389 5817 1385 5817 1385 5822 1354 5848 1051 5844 993 5786 993 5781 988 5781 984 5781 979 5781 975 5781 868 5826 645 5826 556 5768 552 5768 547 5768 258 5759 258 5919"/></Shape>
            <String CONTENT="Si l’Euangile ne veux ſuyure."
                    HPOS="253"
                    VPOS="5759"
                    WIDTH="2192"
                    HEIGHT="294"
                    WC="0.9873171345940952"></String>
          </TextLine>
          <TextLine ID="eSc_line_23ba9c41"
                    TAGREFS="LT8"
                    BASELINE="258 6133 2280 6187" 
                    HPOS="253"
                    VPOS="5982"
                    WIDTH="2027"
                    HEIGHT="276">
            <Shape><Polygon POINTS="258 6133 253 6182 2271 6258 2280 6187 2280 6080 2222 6044 2218 6044 2213 6044 2209 6044 2204 6044 2200 6044 2160 6071 1777 6022 1714 6022 1710 6022 1705 6022 1701 6022 1701 6026 1656 6066 1416 6035 1411 6035 1282 6057 1229 6013 1229 6009 1224 6009 1220 6009 1215 6009 1211 6009 1109 6049 1015 6004 1011 6004 1006 6004 1002 6004 997 6004 935 6049 476 6009 472 6009 467 6009 463 6009 436 6035 365 5986 360 5986 356 5986 258 5982 258 6133"/></Shape>
            <String CONTENT="La mort de Ieſus me deliure"
                    HPOS="253"
                    VPOS="5982"
                    WIDTH="2027"
                    HEIGHT="276"
                    WC="0.9874276673352277"></String>
          </TextLine>
          <TextLine ID="eSc_line_85052b45"
                    TAGREFS="LT8"
                    BASELINE="253 6347 1322 6387 2218 6391" 
                    HPOS="253"
                    VPOS="6200"
                    WIDTH="1965"
                    HEIGHT="254">
            <Shape><Polygon POINTS="253 6347 253 6414 298 6396 1852 6454 1857 6454 2213 6436 2218 6391 2213 6262 1509 6276 1385 6227 1380 6227 1376 6227 1371 6227 1367 6227 1300 6271 1242 6249 1238 6249 1233 6249 1122 6267 1077 6222 1077 6218 1073 6218 1068 6218 1064 6218 1060 6218 966 6258 890 6213 886 6213 881 6213 743 6209 739 6209 734 6209 730 6209 730 6213 690 6249 610 6253 253 6200 253 6347"/></Shape>
            <String CONTENT="Du cruel infernal torment:"
                    HPOS="253"
                    VPOS="6200"
                    WIDTH="1965"
                    HEIGHT="254"
                    WC="0.9901203581920037"></String>
          </TextLine>
          <TextLine ID="eSc_line_939c0bfe"
                    TAGREFS="LT8"
                    BASELINE="262 6552 1158 6596 2289 6605" 
                    HPOS="258"
                    VPOS="6409"
                    WIDTH="2031"
                    HEIGHT="272">
            <Shape><Polygon POINTS="262 6552 258 6614 801 6654 806 6654 810 6654 899 6632 993 6658 997 6658 1002 6658 1309 6636 1367 6667 1371 6667 1376 6667 1541 6636 1741 6676 1745 6676 1750 6676 1852 6645 1946 6681 1950 6681 1955 6681 1959 6681 2039 6649 2164 6681 2169 6681 2173 6681 2178 6681 2284 6649 2289 6605 2289 6489 2213 6458 2209 6458 2204 6458 2008 6485 1928 6445 1924 6445 1919 6445 1723 6485 1674 6445 1674 6440 1670 6440 1665 6440 1661 6440 1656 6440 1496 6480 730 6467 685 6422 685 6418 681 6418 677 6418 592 6414 587 6414 583 6414 579 6414 538 6445 262 6409 262 6552"/></Shape>
            <String CONTENT="Il me le promet en ſon liure"
                    HPOS="258"
                    VPOS="6409"
                    WIDTH="2031"
                    HEIGHT="272"
                    WC="0.9939167754990714"></String>
          </TextLine>
          <TextLine ID="eSc_line_945994c7"
                    TAGREFS="LT8"
                    BASELINE="262 6783 1394 6823 2650 6823" 
                    HPOS="258"
                    VPOS="6623"
                    WIDTH="2392"
                    HEIGHT="329">
            <Shape><Polygon POINTS="262 6783 258 6894 1247 6939 1251 6939 1256 6939 1398 6899 1523 6943 1527 6943 1532 6948 1661 6948 1661 6943 1665 6943 1786 6899 1941 6921 1946 6921 2075 6903 2169 6952 2173 6952 2178 6952 2365 6908 2463 6934 2467 6934 2472 6934 2645 6908 2650 6823 2650 6707 2538 6672 2534 6672 2529 6672 2097 6685 2048 6649 2044 6649 2039 6649 2035 6649 2031 6649 1857 6694 1803 6649 1803 6645 1799 6645 1794 6645 1790 6645 1679 6649 1674 6649 1670 6649 1670 6654 1625 6694 1532 6694 1487 6658 1483 6658 1478 6658 1474 6658 1469 6658 1354 6685 984 6685 913 6632 908 6632 904 6632 899 6632 538 6672 405 6623 400 6623 262 6623 262 6783"/></Shape>
            <String CONTENT="Nommé le nouueau Teſtament."
                    HPOS="258"
                    VPOS="6623"
                    WIDTH="2392"
                    HEIGHT="329"
                    WC="0.9558955643858228"></String>
          </TextLine>
        </TextBlock>
        <TextBlock HPOS="2266"
                   VPOS="6867"
                   WIDTH="499"
                   HEIGHT="326"
                   ID="eSc_textblock_94ffd805"
                   TAGREFS="BT17">
          <Shape><Polygon POINTS="2266 7148 2339 6867 2765 6867 2765 7193"/></Shape>
          <TextLine ID="eSc_line_31caad36"
                    TAGREFS="LT8"
                    BASELINE="2348 7084 2710 7094" 
                    HPOS="2343"
                    VPOS="6870"
                    WIDTH="361"
                    HEIGHT="354">
            <Shape><Polygon POINTS="2610 6870 2544 6870 2484 6870 2343 6883 2343 7083 2343 7224 2517 7177 2684 7217 2704 7090 2704 6890 2671 6870 2610 6870"/></Shape>
            <String CONTENT="g .ii."
                    HPOS="2343"
                    VPOS="6870"
                    WIDTH="361"
                    HEIGHT="354"
                    WC="0.9523835927248001"></String>
          </TextLine>
        </TextBlock>
      </PrintSpace>
    </Page>
  </Layout>
</alto>
