4267 7756
3445 665 194 298 5

1103 646 1702 211 SPIRITVELLES.

431 887 2521 216 Donne leur conſtance & pouuoir

435 1107 2444 211 De faire enuers tous leur deuoir.

603 1296 2879 276 Fay que tous ceux qui te cognoiſſent,

426 1499 2185 233 En foy & charité accroiſſent:

400 1702 2677 245 Et comme ils ſont par toy inſtruits,

426 1926 2703 232 Qu'en bien viuant en facent fruicts:

564 2128 2315 220 Afin que le monde contemple

400 2326 2668 267 Leur ſaincte vie, & prenne exemple

409 2537 1698 224 De te ſeruir & adorer,

413 2740 2384 233 Craindre ton nom, & t’honorer.

560 2955 2086 229 Amene auſſi à cognoiſſance

431 3154 2461 280 Tous ceux qui ſont en ignorance,

422 3369 1957 228 Tous abuſez, & tous errans

405 3572 2081 254 Conuerti-les, petis & grans.

551 3787 1948 241 Poures aueugles illumine

383 3972 2284 263 Par ta vraye & ſaincte doctrine:

379 4192 1806 246 Attire-les par ton Eſprit

379 4386 2405 263 A croire en ton Fils Ieſus Chriſt.

538 4597 2233 267 Enuoye-leur Miniſtres ſages,

383 4800 2560 288 Te craignans, & bons perſonnages,

370 5006 2310 293 Pour les inſtruire en vraye foy,

362 5213 2025 267 Afin que tous ſeruent à toy.

530 5420 1801 237 Aye pitié de la deſtreſſe

362 5601 2525 310 De tous ceux qui ſont en oppreſſe,

362 5825 2043 293 Par maladie & par langueur

349 6028 2340 280 D’eſprit, ou de corps & de cœur:

482 6256 2567 289 De ceux qui par mer ou par terre

340 6450 2379 332 Sont preſſez de mortelle guerre,

2331 6696 505 301 a .iii.
