4267 7439
297 524 1873 252 Merite grand los de renom.

417 719 1943 248 Sa miſericorde & clemence.

297 934 1791 235 Multipliant en abondance,

297 1140 1795 227 De race en race il eſtendra,

297 1347 2183 231 Sur tout homme qui le craindra.

396 1545 2775 236 Mais ſon bras eſt fort pour enfreindre

297 1748 2741 260 L’orgueilleux qui ne le veut craindre,

301 1963 1865 231 Et diſſipe ce fort vainqueur

310 2161 2294 240 Tousles penſemens de leur eœur.

405 2355 2460 285 Les grans de leur ſiege il depoſe,

305 2566 1762 236 Et les petis y met & poſe:

301 2760 2192 252 Les poures de biens rempliſſant,

281 2963 1856 264 Et les riches appouriſſant.

330 3182 1617 239 alſrael par tel benefice

305 3388 1588 215 Il a receu à ſon ſeruice,

310 3587 2534 231 Monſtrant qu’il eſt touſiours recors

305 3798 2039 243 D'eſtre enuers luy miſericors.

396 4021 2419 223 Comm e auoit aux peres antiques

334 4227 2241 219 Promis par ſermens autentiques,

343 4426 2013 210 Pour à iamais en rendre ſeurs

351 4612 1947 215 Abraham & ſes ſucceſſeurs.

388 4905 2961 269 Cantique de Zacharie, Liic 2. Sur le chaue

566 5112 2406 268 du Pſean. 1a. Or ſus ſeruiteurs du, &c.

614 5362 2245 310 Oué ſoit Dieu & le Seigneur.

614 5591 1538 279 D'Iſrael, qui a vifité

359 5818 2706 323 Son peuple, & pour le mettre en heux

372 6017 1381 372 l'atiré de captiuité.

917 291 1507 229 CAMTIQVES.

3005 247 294 381 M

353 5343 223 496 L

2228 6269 595 289 J: il
