4267 8022
807 659 352 210 116

1756 623 1619 223 CHANSONS

798 882 2305 227 De tout malheur la ſentine,

824 1105 2649 254 Veut tout corrompre & changer

811 1314 2051 250 Par ſon orgueil & rapine.

936 1515 2243 258 Doit-on pas bien ſouſpirer,

815 1738 2288 240 Voyant comme on interine

811 1947 2278 250 Tout ce que veut conſpirer

789 2132 1872 287 Ceſte gent adulterine?

1003 2357 2207 259 Le ciel en a grand horreur,

789 2560 1826 274 Et la terre l’abomine:

793 2785 2198 254 Dont faudra que tel erreur

798 3008 2256 236 En bref ſe voye & termine.

789 3208 2135 245 Le haut iuge toſt viendra

798 3431 2260 250 Au ſon de la grand buccine:

798 3636 2202 241 Deuant lequel conuiendra

811 3841 2524 272 Que chacun genouil s’encline.

1003 4060 2630 254 Cependant mout grand douleur

807 4282 2131 245 La belle poind & mutine,

820 4478 2109 263 Qu’à l’ombre de ſa valeur

815 4688 1837 232 Fauſſeté fait ſa cuiſine.

1025 4911 1953 240 Tel ſe dit eſtre des ſiens,

815 5129 2315 259 Qui ſelon Dieu ne chemine,

807 5330 2407 249 Et n’a des œuures Chreſtiens,

802 5515 2073 267 Autre choſe que la mine.

1016 5729 1859 260 Sa dignité en ce poinct

811 5963 2006 262 Se denigre & ſe decline:

807 6159 2336 285 Et par là on blaſme & poind

824 6381 2051 272 Cil qui à Dieu ſe reſigne.

1003 6586 2189 321 Nul ne veut eſtre apperceu

3638 6827 365 263 Porter
