4267 7925
3214 594 250 268 17

810 545 1796 243 SPIRITVELLES.

149 849 2096 225 Accez au Pere nous auons,

140 1056 2145 238 Non par ſainctes ny Anges.

140 1276 2211 229 Si vous voulez auoir ſecours,

140 1483 2242 238 Bien & faueur, n’ayez recours

136 1695 1955 268 A aucuns dieux eſtranges.

273 1906 2254 264 Mais en priant regardez bien

167 2117 1427 256 Que c’eſt de vous:

162 2337 2695 278 Croyez que de Dieu vient tout bien

145 2527 1308 242 Et mal de nous.

149 2747 2013 264 Or ce que vous priez auſsi,

162 2949 2180 300 Croyez qu’il aduiendra ainſi,

158 3174 2004 264 Et que Dieu vous eſcoute:

154 3394 2769 269 Autrement vous n’obtiendrez point

167 3601 2752 286 Ce qui vous viendroit bien à poinct

154 3817 2157 264 Car il veut qu’on n’y doute.

321 4010 2255 295 Inuoquez le de cœurs abiects,

140 4222 1291 264 Luy qui eſt haut:

149 4433 2264 273 Louez-le, & luy ſoyez ſubiects

145 4640 1264 269 Ainſi qu’il faut.

167 4851 2096 300 Voyez de ne ſonger ailleurs

145 5072 2224 308 En cerchant prieres meilleurs,

162 5287 1766 286 Que dans la Patenoſtre:

154 5499 2422 303 D’autres mots vous pouuez vſer:

145 5706 2338 312 Mais gardez bien d’en abuſer,

162 5930 2488 295 Comme Chriſt le nous monſtre.

325 6163 2885 304 AVTRE CHANSON SVR

1074 6401 1731 269 les articles de la foy.

158 6555 3245 432 Sur le chant, Faute d’argent la malheureuſe chance.

2298 6872 348 273 b .i.
