4267 7830
712 554 255 242 18.

701 709 1880 287 Et me mets ceci dehors.

918 900 2251 309 Las veux-tu que ie t’offenſe,

714 1122 2185 296 Et que mal de toy ie penſe?

727 1357 2599 282 Seigneur Dieu, fay-moy mourir.

727 1531 2090 322 Pluſtoſt que de le ſouffrir,

940 1757 2364 291 Helas, tant ma peine eſt dure,

753 1983 2077 274 Souffriras-tu que i’endure

770 2188 2347 274 Tant que vienne à murmurer,

761 2383 2312 314 Quand plus ne pourray durer?

960 2564 2379 339 Fay moy en priſon deſcendre,

761 2818 2626 305 Et mon corps ſoit mis en cendre

770 3010 2208 309 Pourueu que ſans t’offenſer

775 3227 2146 309 Ie puiſſe mes iours paſſer.

1010 3427 2094 300 Toute choſe t’eſt poſsible,

783 3649 2356 318 Mais à moy tout impoſsible:

805 3871 2112 305 Vn ſeul grain de ta mercy,

792 4080 2025 296 M’oſtera ce grand ſoucy.

1001 4280 2046 300 Toutesfois ſi mon affaire.

801 4502 2207 291 A ton vouloir eſt contraire,

792 4724 2007 282 Plaiſe à toy de m’alleger

805 4928 2251 300 Ce mal, & moins m’affliger.

1001 5119 2382 318 S’il te plaiſt que plus i’attende,

818 5354 2203 292 Fay que ma playe s’amende:

840 5576 1807 274 Vueille moy fortifier.

831 5785 2086 287 Pour plus en toy me fier.

1040 5981 2356 304 Ie n’ay plus le cœur de viure,

835 6203 2230 278 Si mon Dieu ne me deliure:

849 6411 2142 327 Seigneur tu ſais mon deſir,

1624 448 1593 291 CANTIQVES.

3737 6570 288 379 Maj
