<?xml version="1.0" encoding="UTF-8"?>
<alto xmlns:xsi="http://www.w3.org/2001/XMLSchema-instance"
      xmlns="http://www.loc.gov/standards/alto/ns-v4#"
      xsi:schemaLocation="http://www.loc.gov/standards/alto/ns-v4# http://www.loc.gov/standards/alto/v4/alto-4-2.xsd">
  <Description>
    <MeasurementUnit>pixel</MeasurementUnit>
    <sourceImageInformation>
      <fileName>CRRS02_Chansons_spirituelles.pdf_page_374.png</fileName>
      <fileIdentifier>pdf//CRRS02_Chansons_spirituelles.pdf</fileIdentifier>
    </sourceImageInformation>
  </Description>
  <Tags>
    <OtherTag ID="BT7" LABEL="CustomZone" DESCRIPTION="block type CustomZone"/><OtherTag ID="BT8" LABEL="DamageZone" DESCRIPTION="block type DamageZone"/><OtherTag ID="BT9" LABEL="DigitizationArtefactZone" DESCRIPTION="block type DigitizationArtefactZone"/><OtherTag ID="BT10" LABEL="DropCapitalZone" DESCRIPTION="block type DropCapitalZone"/><OtherTag ID="BT11" LABEL="GraphicZone" DESCRIPTION="block type GraphicZone"/><OtherTag ID="BT12" LABEL="MainZone" DESCRIPTION="block type MainZone"/><OtherTag ID="BT13" LABEL="MarginTextZone" DESCRIPTION="block type MarginTextZone"/><OtherTag ID="BT14" LABEL="MusicZone" DESCRIPTION="block type MusicZone"/><OtherTag ID="BT15" LABEL="NumberingZone" DESCRIPTION="block type NumberingZone"/><OtherTag ID="BT17" LABEL="QuireMarksZone" DESCRIPTION="block type QuireMarksZone"/><OtherTag ID="BT18" LABEL="RunningTitleZone" DESCRIPTION="block type RunningTitleZone"/><OtherTag ID="BT19" LABEL="SealZone" DESCRIPTION="block type SealZone"/><OtherTag ID="BT20" LABEL="StampZone" DESCRIPTION="block type StampZone"/><OtherTag ID="BT21" LABEL="TableZone" DESCRIPTION="block type TableZone"/><OtherTag ID="BT22" LABEL="TitlePageZone" DESCRIPTION="block type TitlePageZone"/>
    <OtherTag ID="LT7" LABEL="CustomLine" DESCRIPTION="line type CustomLine"/><OtherTag ID="LT8" LABEL="DefaultLine" DESCRIPTION="line type DefaultLine"/><OtherTag ID="LT9" LABEL="DropCapitalLine" DESCRIPTION="line type DropCapitalLine"/><OtherTag ID="LT10" LABEL="HeadingLine" DESCRIPTION="line type HeadingLine"/><OtherTag ID="LT11" LABEL="InterlinearLine" DESCRIPTION="line type InterlinearLine"/><OtherTag ID="LT12" LABEL="MusicLine" DESCRIPTION="line type MusicLine"/><OtherTag ID="LT1330" LABEL="default" DESCRIPTION="line type default"/>
  </Tags>
  <Layout>
    <Page WIDTH="4267"
          HEIGHT="7830"
          PHYSICAL_IMG_NR="373"
          ID="eSc_dummypage_">
      <PrintSpace HPOS="0"
                  VPOS="0"
                  WIDTH="4267"
                  HEIGHT="7830">
        <TextBlock HPOS="775"
                   VPOS="491"
                   WIDTH="524"
                   HEIGHT="273"
                   ID="eSc_textblock_0673e099"
                   TAGREFS="BT15">
          <Shape><Polygon POINTS="775 550 805 764 1299 749 1270 491"/></Shape>
          <TextLine ID="eSc_line_df60b75d"
                    TAGREFS="LT8"
                    BASELINE="840 669 1227 652" 
                    HPOS="831"
                    VPOS="487"
                    WIDTH="396"
                    HEIGHT="287">
            <Shape><Polygon POINTS="1049 487 1044 487 1014 513 975 495 970 495 966 495 962 495 831 543 840 669 844 774 1010 774 1014 774 1018 774 1088 722 1227 713 1227 652 1219 526 1075 487 1049 487"/></Shape>
            <String CONTENT="462"
                    HPOS="831"
                    VPOS="487"
                    WIDTH="396"
                    HEIGHT="287"
                    WC="0.9980306029319763"></String>
          </TextLine>
        </TextBlock>
        <TextBlock HPOS="709"
                   VPOS="749"
                   WIDTH="3189"
                   HEIGHT="6120"
                   ID="eSc_textblock_20d9d1c7"
                   TAGREFS="BT12">
          <Shape><Polygon POINTS="709 764 945 6869 3898 6640 3706 749"/></Shape>
          <TextLine ID="eSc_line_9c30f366"
                    TAGREFS="LT8"
                    BASELINE="888 926 3217 883" 
                    HPOS="883"
                    VPOS="735"
                    WIDTH="2334"
                    HEIGHT="274">
            <Shape><Polygon POINTS="888 926 888 965 1114 1009 1118 1009 1423 961 1628 991 1632 991 1785 965 2033 991 2037 991 2042 991 2146 943 2372 943 2425 983 2429 983 2433 983 2438 983 2721 939 2869 965 2873 965 3217 943 3217 883 3208 756 2581 735 2577 735 2573 735 2503 765 2290 739 2285 739 2281 739 2207 769 2046 743 2042 743 1846 748 1841 748 1837 748 1837 752 1802 778 1658 752 1654 752 1650 752 1645 752 1615 778 1550 756 1545 756 1541 756 1536 756 1462 782 883 782 888 926"/></Shape>
            <String CONTENT="Qui comme petites pierrettes"
                    HPOS="883"
                    VPOS="735"
                    WIDTH="2334"
                    HEIGHT="274"
                    WC="0.965280818087714"></String>
          </TextLine>
          <TextLine ID="eSc_line_88ace76f"
                    TAGREFS="LT8"
                    BASELINE="896 1148 2934 1100" 
                    HPOS="888"
                    VPOS="943"
                    WIDTH="2046"
                    HEIGHT="248">
            <Shape><Polygon POINTS="896 1148 896 1191 2930 1152 2934 1100 2925 956 2821 943 2817 943 2812 943 2695 983 2586 948 2581 948 2577 948 2573 948 2568 948 2568 952 2538 983 2451 987 2233 956 2229 956 2224 956 2220 956 2172 996 1998 1000 1632 970 1628 970 1249 1017 914 987 910 987 905 987 901 987 901 991 888 1000 896 1148"/></Shape>
            <String CONTENT="Les a peſez au tresbuchet?"
                    HPOS="888"
                    VPOS="943"
                    WIDTH="2046"
                    HEIGHT="248"
                    WC="0.9791778234335092"></String>
          </TextLine>
          <TextLine ID="eSc_line_632b8549"
                    TAGREFS="LT8"
                    BASELINE="1053 1352 2190 1322 3187 1322" 
                    HPOS="1049"
                    VPOS="1161"
                    WIDTH="2138"
                    HEIGHT="261">
            <Shape><Polygon POINTS="1053 1352 1053 1383 1332 1422 1336 1422 1341 1422 1345 1422 1410 1383 1506 1418 1510 1418 1515 1418 1724 1392 1907 1413 1911 1413 1915 1413 2046 1374 2150 1392 2155 1392 2159 1392 2220 1370 2255 1400 2255 1405 2259 1405 2264 1405 2268 1409 2381 1409 2381 1405 2386 1405 2499 1365 2529 1392 2529 1396 2534 1396 2538 1396 2686 1400 2690 1400 2695 1400 2756 1365 3187 1352 3187 1322 3182 1196 2991 1170 2986 1170 2982 1170 2978 1170 2943 1196 2790 1178 2786 1178 2782 1178 2777 1178 2743 1200 2682 1165 2677 1165 2673 1165 2507 1200 2446 1161 2442 1161 2438 1161 2198 1161 2194 1161 2020 1174 2015 1174 2011 1174 1972 1204 1920 1165 1915 1165 1911 1165 1907 1165 1902 1165 1724 1213 1641 1170 1637 1170 1632 1170 1628 1170 1624 1170 1624 1174 1576 1222 1336 1222 1275 1187 1271 1187 1267 1187 1145 1183 1140 1183 1136 1183 1049 1222 1053 1352"/></Shape>
            <String CONTENT="Qui aide, conſeil, iugement."
                    HPOS="1049"
                    VPOS="1161"
                    WIDTH="2138"
                    HEIGHT="261"
                    WC="0.9933054745197296"></String>
          </TextLine>
          <TextLine ID="eSc_line_52e6d96f"
                    TAGREFS="LT8"
                    BASELINE="901 1565 2211 1531 3278 1522" 
                    HPOS="896"
                    VPOS="1357"
                    WIDTH="2382"
                    HEIGHT="261">
            <Shape><Polygon POINTS="901 1565 901 1600 1571 1618 1576 1618 1580 1618 1671 1587 1776 1613 1780 1613 1785 1613 2037 1579 2224 1605 2229 1605 2233 1605 2237 1605 2272 1574 2394 1600 2399 1600 2403 1600 2490 1570 2673 1592 2677 1592 2682 1592 2686 1592 2716 1565 3156 1587 3161 1587 3165 1587 3278 1552 3278 1522 3274 1387 3191 1357 3187 1357 3182 1357 3178 1357 3056 1396 2777 1365 2773 1365 2769 1365 2690 1405 2312 1387 2307 1387 2303 1387 2242 1418 2024 1418 1950 1383 1946 1383 1941 1383 1571 1426 1419 1392 1354 1392 1349 1392 1345 1392 1341 1392 1341 1396 1314 1426 1253 1396 1249 1396 1245 1396 896 1422 901 1565"/></Shape>
            <String CONTENT="A l’Eſprit du Souuerain donne?"
                    HPOS="896"
                    VPOS="1357"
                    WIDTH="2382"
                    HEIGHT="261"
                    WC="0.9994348665078481"></String>
          </TextLine>
          <TextLine ID="eSc_line_32fd71e9"
                    TAGREFS="LT8"
                    BASELINE="923 1770 3505 1731" 
                    HPOS="918"
                    VPOS="1574"
                    WIDTH="2587"
                    HEIGHT="274">
            <Shape><Polygon POINTS="3487 1626 3444 1596 3404 1574 3404 1574 3400 1574 3322 1613 3117 1579 3113 1579 3108 1579 3104 1579 3104 1583 3060 1618 2943 1600 2939 1600 2934 1600 2930 1600 2895 1622 2799 1583 2795 1583 2647 1583 2642 1583 2638 1583 2634 1583 2560 1626 2359 1587 2355 1587 2351 1587 2346 1587 2290 1631 2159 1596 2155 1596 2150 1596 2146 1596 2055 1622 2029 1596 2024 1596 2020 1596 2015 1596 2011 1596 1933 1631 1763 1618 1759 1618 1754 1618 1702 1639 1667 1605 1667 1600 1663 1600 1658 1600 1567 1600 1563 1600 1558 1600 1554 1600 1484 1644 1301 1605 1297 1605 1293 1605 1288 1605 1288 1609 1249 1648 1127 1648 1010 1609 1005 1609 1001 1609 997 1609 918 1648 923 1770 923 1805 1027 1844 1031 1844 1036 1848 1175 1848 1175 1844 1179 1844 1284 1805 1423 1835 1428 1835 1432 1835 1541 1805 1706 1826 1711 1826 1715 1826 1785 1796 2020 1805 2042 1826 2042 1831 2046 1831 2050 1831 2055 1831 2359 1787 2586 1813 2590 1813 2716 1792 2804 1818 2808 1818 2812 1822 2925 1822 2925 1818 2930 1818 2934 1818 2995 1783 3500 1805 3505 1731 3500 1635 3487 1626"/></Shape>
            <String CONTENT="Qui l’inſtruit? qui duit ſa perſonne"
                    HPOS="918"
                    VPOS="1574"
                    WIDTH="2587"
                    HEIGHT="274"
                    WC="0.9941288729508718"></String>
          </TextLine>
          <TextLine ID="eSc_line_1d04d882"
                    TAGREFS="LT8"
                    BASELINE="918 1992 2869 1944" 
                    HPOS="914"
                    VPOS="1796"
                    WIDTH="1955"
                    HEIGHT="252">
            <Shape><Polygon POINTS="918 1992 918 2022 1053 2048 1058 2048 1663 2005 1732 2027 1737 2027 1741 2027 1867 2000 2129 2022 2133 2022 2137 2022 2142 2022 2185 1992 2682 2009 2686 2009 2869 1970 2869 1944 2860 1826 2786 1796 2782 1796 2777 1796 2773 1796 2673 1835 2560 1813 2555 1813 2551 1813 2494 1840 2412 1818 2407 1818 2403 1818 2120 1848 2081 1818 2081 1813 2076 1813 2072 1813 1972 1813 1968 1813 1963 1813 1867 1848 1802 1826 1798 1826 1793 1826 1789 1826 1732 1857 1641 1822 1637 1822 1632 1822 1628 1822 1519 1861 1476 1835 1471 1835 1467 1835 1462 1835 1458 1835 1454 1835 1415 1866 1140 1835 1136 1835 1132 1835 1127 1835 1079 1866 988 1840 984 1840 979 1840 975 1840 914 1870 918 1992"/></Shape>
            <String CONTENT="A faire tout fi ſagement?"
                    HPOS="914"
                    VPOS="1796"
                    WIDTH="1955"
                    HEIGHT="252"
                    WC="0.9886210370063782"></String>
          </TextLine>
          <TextLine ID="eSc_line_469c0c9a"
                    TAGREFS="LT8"
                    BASELINE="1136 2192 3269 2153" 
                    HPOS="1132"
                    VPOS="1992"
                    WIDTH="2137"
                    HEIGHT="283">
            <Shape><Polygon POINTS="1136 2192 1136 2244 1158 2266 1158 2270 1162 2270 1166 2270 1171 2275 1371 2275 1371 2270 1671 2227 1959 2244 1963 2244 1968 2244 2081 2214 2155 2240 2159 2240 2163 2240 2320 2205 2812 2205 2947 2240 2952 2240 2956 2240 3121 2209 3265 2231 3269 2153 3265 2027 3204 2005 3200 2005 3195 2005 3008 2027 2795 1992 2790 1992 2786 1992 2782 1992 2738 2027 2660 1996 2655 1996 2651 1996 2316 2040 2264 2014 2259 2014 2255 2014 2251 2014 2155 2040 2107 2005 2103 2005 2098 2005 2094 2005 2089 2005 2002 2048 1846 2048 1785 2014 1780 2014 1776 2014 1772 2014 1767 2014 1711 2044 1689 2022 1685 2022 1680 2022 1676 2022 1671 2022 1667 2022 1637 2044 1432 2018 1428 2018 1423 2018 1419 2018 1358 2061 1288 2061 1132 2027 1136 2192"/></Shape>
            <String CONTENT="Qui l’a doué d’vn tel ſauoir?"
                    HPOS="1132"
                    VPOS="1992"
                    WIDTH="2137"
                    HEIGHT="283"
                    WC="0.9921463906764985"></String>
          </TextLine>
          <TextLine ID="eSc_line_905b7e89"
                    TAGREFS="LT8"
                    BASELINE="936 2405 3065 2366" 
                    HPOS="931"
                    VPOS="2209"
                    WIDTH="2134"
                    HEIGHT="266">
            <Shape><Polygon POINTS="936 2405 936 2436 1166 2475 1171 2475 1175 2475 1280 2449 1545 2466 1550 2466 1554 2466 1558 2466 1597 2431 1671 2453 1676 2453 1680 2453 1685 2453 1689 2453 1689 2449 1715 2427 1806 2462 1811 2462 1815 2462 1820 2462 1950 2422 2098 2444 2103 2444 2298 2418 2978 2440 2982 2440 2986 2440 3065 2401 3065 2366 3052 2257 2756 2257 2690 2209 2686 2209 2682 2209 2586 2209 2581 2209 2416 2248 2377 2218 2377 2214 2372 2214 2368 2214 2364 2214 2220 2218 2216 2218 2015 2270 1841 2227 1837 2227 1833 2227 1828 2227 1824 2227 1750 2279 1371 2283 1301 2248 1297 2248 1293 2248 1288 2248 1140 2288 1049 2240 1044 2240 1040 2240 931 2257 936 2405"/></Shape>
            <String CONTENT="Qui luy a donné la ſcience"
                    HPOS="931"
                    VPOS="2209"
                    WIDTH="2134"
                    HEIGHT="266"
                    WC="0.9577440994757193"></String>
          </TextLine>
          <TextLine ID="eSc_line_b414ca2f"
                    TAGREFS="LT8"
                    BASELINE="923 2618 3300 2579" 
                    HPOS="918"
                    VPOS="2440"
                    WIDTH="2382"
                    HEIGHT="252">
            <Shape><Polygon POINTS="923 2618 923 2653 1140 2692 1145 2692 1149 2692 1153 2692 1153 2688 1188 2662 1223 2688 1227 2688 1232 2688 1236 2692 1380 2692 1380 2688 1384 2688 1388 2688 1454 2649 1650 2683 1654 2683 1658 2683 1811 2644 1972 2679 1976 2679 1981 2679 1985 2679 1985 2675 1989 2675 2007 2653 2224 2675 2229 2675 2233 2675 2351 2636 2451 2653 2455 2653 2460 2653 2507 2631 2551 2666 2555 2666 2560 2666 2564 2666 2773 2627 2864 2653 2869 2653 2873 2653 3004 2627 3296 2631 3300 2579 3291 2470 2843 2440 2838 2440 2634 2479 2590 2444 2586 2444 2581 2444 2494 2444 2490 2444 2294 2449 2290 2449 2207 2488 2116 2457 2111 2457 2107 2457 1928 2492 1850 2475 1846 2475 1841 2475 1123 2505 1023 2470 1018 2470 1014 2470 1010 2470 918 2501 923 2618"/></Shape>
            <String CONTENT="De gouuerner par ſa prudence"
                    HPOS="918"
                    VPOS="2440"
                    WIDTH="2382"
                    HEIGHT="252"
                    WC="0.9917639940977097"></String>
          </TextLine>
          <TextLine ID="eSc_line_1465828f"
                    TAGREFS="LT8"
                    BASELINE="962 2836 2381 2797 3613 2784" 
                    HPOS="953"
                    VPOS="2640"
                    WIDTH="2660"
                    HEIGHT="252">
            <Shape><Polygon POINTS="962 2836 962 2862 1023 2892 1027 2892 1031 2892 1201 2857 1345 2879 1349 2879 1354 2879 1358 2879 1397 2853 1811 2884 1815 2884 1820 2884 1824 2884 1885 2844 2002 2879 2007 2879 2011 2879 2481 2831 2560 2862 2564 2862 2568 2862 2786 2827 2878 2862 2882 2862 2886 2862 3021 2857 3026 2857 3030 2857 3073 2827 3230 2853 3235 2853 3239 2853 3339 2823 3548 2844 3552 2844 3557 2844 3613 2818 3613 2784 3605 2640 3535 2640 3531 2640 3526 2640 3522 2640 3522 2644 3491 2675 3108 2644 3104 2644 3100 2644 3013 2683 2751 2649 2747 2649 2743 2649 2738 2649 2738 2653 2703 2683 2512 2653 2507 2653 2503 2653 2399 2692 2325 2675 2320 2675 2316 2675 2142 2697 2055 2662 2050 2662 2046 2662 2042 2662 2037 2662 2037 2666 2033 2666 2007 2697 1920 2705 1824 2683 1820 2683 1815 2683 1637 2710 1567 2679 1563 2679 1558 2679 1554 2679 1484 2714 1336 2697 1332 2697 1166 2723 1110 2683 1105 2683 1101 2683 1097 2683 953 2683 962 2836"/></Shape>
            <String CONTENT="Tout ce qu’au monde ſe peut voir?"
                    HPOS="953"
                    VPOS="2640"
                    WIDTH="2660"
                    HEIGHT="252"
                    WC="0.985501619902524"></String>
          </TextLine>
          <TextLine ID="eSc_line_8a619139"
                    TAGREFS="LT8"
                    BASELINE="1110 3036 3679 2997" 
                    HPOS="1105"
                    VPOS="2831"
                    WIDTH="2574"
                    HEIGHT="279">
            <Shape><Polygon POINTS="1110 3036 1110 3097 1388 3110 1393 3110 1584 3075 1619 3101 1624 3101 1628 3101 1632 3101 1637 3101 1641 3101 1685 3071 1859 3088 1863 3088 2015 3058 2224 3092 2229 3092 2233 3092 2285 3062 2320 3092 2325 3092 2329 3092 2333 3097 2425 3097 2425 3092 2429 3092 2433 3092 2494 3053 2534 3075 2538 3075 2542 3075 2547 3075 2616 3049 2725 3084 2730 3084 2734 3084 2738 3084 2821 3044 3148 3066 3152 3066 3269 3049 3300 3071 3304 3071 3309 3071 3313 3071 3317 3071 3426 3040 3561 3075 3565 3075 3570 3075 3679 3049 3679 2997 3666 2831 3544 2836 3539 2836 3535 2836 3487 2875 3352 2849 3348 2849 3343 2849 3339 2849 3296 2879 3174 2879 3113 2836 3108 2836 3104 2836 3100 2836 2943 2866 2847 2840 2843 2840 2838 2840 2616 2888 2577 2857 2573 2857 2568 2857 2564 2857 2560 2857 2451 2884 2251 2849 2246 2849 2242 2849 2146 2897 1998 2853 1994 2853 1989 2853 1985 2853 1981 2853 1981 2857 1928 2905 1641 2905 1554 2862 1550 2862 1545 2862 1541 2862 1423 2910 1271 2910 1219 2875 1214 2875 1210 2875 1206 2875 1201 2875 1105 2914 1110 3036"/></Shape>
            <String CONTENT="Que ſont vers luy tous les humains?"
                    HPOS="1105"
                    VPOS="2831"
                    WIDTH="2574"
                    HEIGHT="279"
                    WC="0.9900217771530151"></String>
          </TextLine>
          <TextLine ID="eSc_line_7557b680"
                    TAGREFS="LT8"
                    BASELINE="953 3262 3374 3210" 
                    HPOS="949"
                    VPOS="3053"
                    WIDTH="2425"
                    HEIGHT="274">
            <Shape><Polygon POINTS="953 3262 953 3297 988 3323 992 3323 997 3323 1001 3327 1084 3327 1084 3323 1088 3323 1092 3323 1092 3319 1127 3292 1349 3319 1354 3319 1358 3319 1432 3284 1624 3310 1628 3310 1632 3310 1689 3279 2007 3271 2098 3301 2103 3301 2107 3301 2111 3301 2168 3271 2264 3297 2268 3297 2272 3297 2277 3297 2364 3271 2381 3288 2386 3288 2390 3288 2394 3288 2399 3288 2403 3288 2403 3284 2429 3262 2995 3275 2999 3275 3217 3245 3261 3275 3265 3275 3269 3275 3274 3279 3374 3279 3374 3210 3361 3084 3108 3088 2965 3053 2960 3053 2956 3053 2952 3053 2882 3088 2847 3058 2843 3058 2838 3058 2834 3058 2830 3058 2734 3084 2568 3062 2564 3062 2560 3062 2555 3062 2494 3101 2403 3066 2399 3066 2394 3066 2390 3066 2386 3066 2386 3071 2342 3110 2094 3110 2046 3075 2042 3075 2037 3075 1950 3075 1946 3075 1941 3075 1854 3114 949 3110 953 3262"/></Shape>
            <String CONTENT="De gouttes d’eau de ſa ſeillette,"
                    HPOS="949"
                    VPOS="3053"
                    WIDTH="2425"
                    HEIGHT="274"
                    WC="0.9851335666396401"></String>
          </TextLine>
          <TextLine ID="eSc_line_94c0f46d"
                    TAGREFS="LT8"
                    BASELINE="953 3466 3426 3423" 
                    HPOS="949"
                    VPOS="3275"
                    WIDTH="2477"
                    HEIGHT="261">
            <Shape><Polygon POINTS="953 3466 953 3519 1114 3510 1240 3532 1245 3532 1249 3532 1253 3532 1253 3527 1288 3501 1319 3527 1319 3532 1323 3532 1327 3532 1332 3536 1445 3536 1445 3532 1449 3532 1454 3532 1454 3527 1493 3493 1576 3510 1580 3510 1689 3488 1776 3523 1780 3523 1785 3527 1911 3527 1911 3523 1915 3523 1920 3523 1920 3519 1950 3493 2037 3519 2042 3519 2046 3519 2050 3519 2055 3519 2085 3488 2233 3479 2416 3506 2420 3506 2555 3475 2673 3510 2677 3510 2682 3510 2830 3475 2917 3497 2921 3497 2925 3497 2930 3497 2934 3497 2934 3493 2969 3466 3087 3493 3091 3493 3422 3471 3426 3423 3409 3275 3348 3301 3265 3275 3261 3275 3256 3275 2934 3279 2930 3279 2925 3279 2925 3284 2886 3319 2638 3323 2590 3288 2586 3288 2581 3288 2433 3288 2429 3288 2333 3292 2329 3292 2325 3292 2281 3327 2011 3314 2007 3314 1867 3336 1811 3314 1806 3314 1802 3314 1798 3314 1793 3314 1793 3319 1772 3340 1193 3349 1014 3314 1010 3314 1005 3314 1001 3314 949 3345 953 3466"/></Shape>
            <String CONTENT="Des petis grains, &amp; la poudrette"
                    HPOS="949"
                    VPOS="3275"
                    WIDTH="2477"
                    HEIGHT="261"
                    WC="0.9846601523458958"></String>
          </TextLine>
          <TextLine ID="eSc_line_92484c02"
                    TAGREFS="LT8"
                    BASELINE="966 3684 3047 3636" 
                    HPOS="957"
                    VPOS="3484"
                    WIDTH="2090"
                    HEIGHT="252">
            <Shape><Polygon POINTS="966 3684 966 3736 1149 3714 1193 3732 1197 3732 1201 3732 1345 3710 1719 3723 1724 3723 1907 3719 1911 3719 1915 3719 1915 3714 1937 3693 3043 3680 3047 3636 3034 3519 2660 3527 2581 3484 2577 3484 2573 3484 2568 3484 2564 3484 2442 3532 2377 3488 2372 3488 2368 3488 2364 3488 2359 3488 2242 3523 2120 3493 2116 3493 2111 3493 2107 3493 2103 3493 2103 3497 2059 3540 1924 3510 1920 3510 1915 3510 1911 3510 1850 3549 1750 3549 1685 3506 1680 3506 1676 3506 1624 3506 1619 3506 1615 3506 1611 3506 1611 3510 1571 3549 1484 3510 1480 3510 1476 3510 1471 3510 1384 3545 1345 3514 1341 3514 1336 3514 1332 3514 1327 3514 1219 3549 1127 3519 1123 3519 1118 3519 957 3527 966 3684"/></Shape>
            <String CONTENT="De la balance de ſes mains."
                    HPOS="957"
                    VPOS="3484"
                    WIDTH="2090"
                    HEIGHT="252"
                    WC="0.9625716187335827"></String>
          </TextLine>
          <TextLine ID="eSc_line_656ff9e3"
                    TAGREFS="LT8"
                    BASELINE="1132 3880 3317 3845" 
                    HPOS="1127"
                    VPOS="3693"
                    WIDTH="2190"
                    HEIGHT="243">
            <Shape><Polygon POINTS="1132 3880 1132 3936 2015 3936 2015 3932 2020 3932 2024 3932 2055 3906 2303 3928 2307 3928 2312 3928 2316 3928 2351 3901 2581 3923 2586 3923 2590 3923 2664 3897 2830 3919 2834 3919 3313 3884 3317 3845 3309 3727 3087 3701 3082 3701 2904 3727 2773 3693 2769 3693 2764 3693 2760 3693 2695 3727 2638 3697 2634 3697 2629 3697 2433 3740 2312 3740 2242 3701 2237 3701 2233 3701 2229 3701 2124 3732 1950 3706 1946 3706 1941 3706 1833 3749 1671 3749 1632 3719 1632 3714 1628 3714 1624 3714 1523 3714 1519 3714 1515 3714 1441 3754 1310 3754 1271 3723 1267 3723 1262 3723 1127 3723 1132 3880"/></Shape>
            <String CONTENT="Voyez auſſi comme ſouuent"
                    HPOS="1127"
                    VPOS="3693"
                    WIDTH="2190"
                    HEIGHT="243"
                    WC="0.982714855670929"></String>
          </TextLine>
          <TextLine ID="eSc_line_e40e355a"
                    TAGREFS="LT8"
                    BASELINE="962 4097 2956 4067" 
                    HPOS="957"
                    VPOS="3906"
                    WIDTH="1999"
                    HEIGHT="256">
            <Shape><Polygon POINTS="962 4097 966 4162 1058 4141 1206 4162 1210 4162 1214 4162 1319 4132 1415 4158 1419 4158 1423 4158 1428 4158 1432 4158 1432 4154 1454 4136 1519 4158 1523 4158 1528 4158 1658 4132 1693 4154 1698 4154 1702 4154 1706 4154 1894 4132 2029 4149 2033 4149 2037 4149 2103 4119 2298 4145 2303 4145 2307 4145 2390 4115 2446 4141 2451 4141 2455 4145 2642 4145 2642 4141 2647 4141 2651 4141 2695 4110 2821 4128 2825 4128 2956 4102 2956 4067 2947 3945 2773 3906 2769 3906 2547 3936 2455 3910 2451 3910 2446 3910 2442 3910 2438 3910 2364 3954 2194 3954 2124 3914 2120 3914 2116 3914 1985 3919 1981 3919 1976 3919 1924 3962 1519 3967 1441 3941 1436 3941 1432 3941 1284 3967 1210 3932 1206 3932 957 3932 962 4097"/></Shape>
            <String CONTENT="Iſſes &amp; pays il tranſporte:"
                    HPOS="957"
                    VPOS="3906"
                    WIDTH="1999"
                    HEIGHT="256"
                    WC="0.968518923830103"></String>
          </TextLine>
          <TextLine ID="eSc_line_121013b0"
                    TAGREFS="LT8"
                    BASELINE="988 4306 3404 4263" 
                    HPOS="984"
                    VPOS="4119"
                    WIDTH="2420"
                    HEIGHT="239">
            <Shape><Polygon POINTS="988 4306 988 4341 1841 4358 1846 4358 1850 4358 1854 4358 1898 4332 1937 4358 1941 4358 1946 4358 1950 4358 2194 4323 2264 4350 2268 4350 2272 4350 2677 4345 2682 4345 2734 4323 2860 4341 2864 4341 2869 4341 2873 4341 2873 4336 2899 4315 2973 4336 2978 4336 2982 4336 3213 4310 3335 4332 3339 4332 3343 4332 3404 4302 3404 4263 3391 4136 3317 4149 3287 4123 3282 4123 3278 4123 3274 4123 3269 4123 3161 4154 3121 4123 3121 4119 3117 4119 3113 4119 2999 4119 2995 4119 2991 4119 2895 4162 2751 4162 2699 4128 2695 4128 2690 4128 2686 4128 2682 4128 2573 4162 2538 4132 2538 4128 2534 4128 2529 4128 2446 4128 2442 4128 2190 4171 2046 4136 2042 4136 2037 4136 2033 4136 2029 4136 2029 4141 1994 4176 1715 4180 1680 4149 1680 4145 1676 4145 1671 4145 1606 4145 1602 4145 1597 4145 1462 4184 1293 4162 1288 4162 1284 4162 1210 4189 1127 4154 1123 4154 1118 4154 984 4158 988 4306"/></Shape>
            <String CONTENT="Tout cela poiſe en ſa main forte"
                    HPOS="984"
                    VPOS="4119"
                    WIDTH="2420"
                    HEIGHT="239"
                    WC="0.9921496324241161"></String>
          </TextLine>
          <TextLine ID="eSc_line_07d37293"
                    TAGREFS="LT8"
                    BASELINE="979 4528 3700 4476" 
                    HPOS="975"
                    VPOS="4315"
                    WIDTH="2725"
                    HEIGHT="269">
            <Shape><Polygon POINTS="3674 4358 3631 4341 3600 4328 3483 4315 3478 4315 3474 4315 3383 4363 3239 4363 3069 4328 3065 4328 3060 4328 2982 4367 2895 4328 2891 4328 2886 4328 2882 4328 2721 4376 2507 4376 2455 4336 2451 4336 2446 4336 2359 4336 2355 4336 2103 4341 2098 4341 2094 4341 2037 4384 1928 4345 1924 4345 1920 4345 1915 4345 1824 4389 1593 4371 1589 4371 1584 4371 1506 4393 1458 4354 1454 4354 1449 4354 1445 4354 1441 4354 1354 4402 1219 4402 1171 4363 1166 4363 1162 4363 1158 4363 1153 4363 1101 4389 1071 4363 1066 4363 1062 4363 1058 4363 975 4380 979 4528 979 4558 1132 4584 1136 4584 1140 4584 1253 4554 1423 4580 1428 4580 1432 4580 1510 4554 1654 4576 1658 4576 1828 4545 2333 4563 2338 4563 2455 4541 2616 4554 2621 4554 2625 4554 2629 4554 2660 4528 2812 4550 2817 4550 2821 4550 2825 4550 2856 4528 3013 4550 3017 4550 3021 4550 3026 4550 3065 4519 3182 4541 3187 4541 3700 4524 3700 4476 3692 4363 3674 4358"/></Shape>
            <String CONTENT="Moins que ne fait la poudre au vent."
                    HPOS="975"
                    VPOS="4315"
                    WIDTH="2725"
                    HEIGHT="269"
                    WC="0.9890679468711218"></String>
          </TextLine>
          <TextLine ID="eSc_line_89e4e885"
                    TAGREFS="LT8"
                    BASELINE="1193 4732 3213 4698" 
                    HPOS="1188"
                    VPOS="4532"
                    WIDTH="2025"
                    HEIGHT="244">
            <Shape><Polygon POINTS="1193 4732 1193 4776 2425 4763 2429 4763 2521 4741 2690 4758 2695 4758 2699 4758 2703 4758 2703 4754 2708 4754 2721 4737 2925 4754 2930 4754 2934 4754 3017 4732 3130 4750 3134 4750 3139 4750 3213 4724 3213 4698 3204 4571 2965 4537 2960 4537 2956 4537 2952 4537 2952 4541 2921 4563 2878 4532 2873 4532 2869 4532 2864 4532 2603 4537 2599 4537 2595 4537 2547 4580 2372 4584 2259 4584 2224 4554 2220 4554 2216 4554 2211 4554 2207 4554 2203 4554 2203 4558 2198 4558 2181 4584 2081 4584 2033 4545 2029 4545 2024 4545 2020 4545 1920 4567 1876 4550 1872 4550 1867 4550 1863 4550 1763 4589 1685 4554 1680 4554 1676 4554 1671 4554 1667 4554 1619 4593 1528 4563 1523 4563 1519 4563 1515 4563 1432 4597 1341 4558 1336 4558 1332 4558 1188 4563 1193 4732"/></Shape>
            <String CONTENT="Tout le Liban ne ſuffiroit"
                    HPOS="1188"
                    VPOS="4532"
                    WIDTH="2025"
                    HEIGHT="244"
                    WC="0.9771455938999469"></String>
          </TextLine>
          <TextLine ID="eSc_line_5ae438c0"
                    TAGREFS="LT8"
                    BASELINE="984 4950 3557 4902" 
                    HPOS="979"
                    VPOS="4741"
                    WIDTH="2578"
                    HEIGHT="265">
            <Shape><Polygon POINTS="984 4950 984 5006 3557 4959 3557 4902 3548 4789 3361 4767 3356 4767 3187 4789 3134 4745 3134 4741 3130 4741 3126 4741 3121 4741 2921 4745 2917 4745 2912 4745 2838 4789 2616 4763 2612 4763 2608 4763 2507 4806 2377 4806 2298 4776 2294 4776 2290 4776 2285 4776 2220 4811 1907 4819 1863 4819 1811 4771 1811 4767 1806 4767 1802 4767 1798 4767 1637 4798 1458 4771 1454 4771 1449 4771 1380 4811 1345 4780 1345 4776 1341 4776 1336 4776 1332 4776 1327 4776 1253 4811 1193 4780 1188 4780 1184 4780 979 4780 984 4950"/></Shape>
            <String CONTENT="Ny beſtail qu’on en peut diſtraire,"
                    HPOS="979"
                    VPOS="4741"
                    WIDTH="2578"
                    HEIGHT="265"
                    WC="0.9918280107634408"></String>
          </TextLine>
          <TextLine ID="eSc_line_aaadc299"
                    TAGREFS="LT8"
                    BASELINE="970 5150 2960 5124" 
                    HPOS="966"
                    VPOS="4967"
                    WIDTH="1994"
                    HEIGHT="235">
            <Shape><Polygon POINTS="966 5124 970 5150 970 5193 2290 5202 2294 5202 2298 5202 2303 5202 2338 5176 2564 5198 2568 5198 2573 5198 2634 5172 2956 5172 2960 5124 2956 5011 2825 4972 2821 4972 2817 4972 2812 4972 2699 5006 2634 4967 2629 4967 2625 4967 2621 4967 2616 4967 2525 4989 2137 4976 2133 4976 2129 4976 2042 5015 1928 4993 1924 4993 1920 4993 1915 4993 1894 5011 1863 4985 1863 4980 1859 4980 1854 4980 1850 4980 1846 4980 1750 5006 1719 4980 1715 4980 1711 4980 1706 4980 1702 4980 1615 5028 1149 5028 1053 4989 1049 4989 1044 4989 1040 4989 1036 4989 992 5011 966 5124"/></Shape>
            <String CONTENT="Pour vn tel acriſice faire"
                    HPOS="966"
                    VPOS="4967"
                    WIDTH="1994"
                    HEIGHT="235"
                    WC="0.9550556294046916"></String>
          </TextLine>
          <TextLine ID="eSc_line_db7d9255"
                    TAGREFS="LT8"
                    BASELINE="1001 5359 3269 5320" 
                    HPOS="997"
                    VPOS="5189"
                    WIDTH="2272"
                    HEIGHT="252">
            <Shape><Polygon POINTS="1001 5359 1001 5407 1036 5437 1040 5437 1044 5437 1049 5441 1249 5441 1249 5437 1253 5437 1371 5398 1706 5428 1711 5428 1715 5428 1719 5428 1719 5424 1763 5389 1867 5420 1872 5420 1876 5420 2029 5398 2116 5415 2120 5415 2303 5380 2403 5407 2407 5407 2412 5407 2416 5407 2420 5407 2451 5385 2503 5415 2507 5415 2512 5415 2516 5415 2616 5380 2695 5407 2699 5407 2703 5407 2708 5407 2769 5385 2952 5394 2956 5394 2960 5394 3017 5367 3161 5398 3165 5398 3169 5398 3269 5359 3269 5320 3261 5220 3108 5198 3104 5198 2899 5220 2799 5189 2795 5189 2790 5189 2786 5189 2782 5189 2730 5228 2595 5228 2538 5189 2534 5189 2529 5189 2525 5189 2521 5189 2407 5233 2133 5233 2011 5198 2007 5198 2002 5198 1998 5198 1889 5237 1767 5211 1763 5211 1567 5233 1506 5206 1502 5206 1497 5206 1310 5246 1158 5215 1153 5215 997 5241 1001 5359"/></Shape>
            <String CONTENT="Que ſa grandeur meriteroit."
                    HPOS="997"
                    VPOS="5189"
                    WIDTH="2272"
                    HEIGHT="252"
                    WC="0.9870759911007352"></String>
          </TextLine>
          <TextLine ID="eSc_line_beb49ea5"
                    TAGREFS="LT8"
                    BASELINE="1179 5572 3761 5528" 
                    HPOS="1175"
                    VPOS="5380"
                    WIDTH="2586"
                    HEIGHT="266">
            <Shape><Polygon POINTS="3744 5407 3700 5385 3692 5380 3613 5380 3609 5380 3605 5380 3496 5420 3396 5420 3361 5389 3356 5389 3352 5389 3348 5389 3343 5389 3265 5415 3195 5389 3191 5389 3187 5389 2725 5428 2642 5398 2638 5398 2634 5398 2429 5433 2325 5402 2320 5402 2233 5402 2229 5402 2224 5402 2220 5402 2220 5407 2185 5437 2089 5407 2085 5407 2081 5407 1915 5415 1911 5415 1907 5415 1867 5441 1175 5428 1179 5572 1179 5607 1371 5637 1375 5637 1532 5607 1589 5641 1593 5641 1597 5641 1602 5646 1693 5646 1693 5641 1698 5641 1754 5620 1998 5633 2002 5633 2007 5633 2076 5598 2325 5628 2329 5628 2830 5585 2947 5607 2952 5607 2956 5607 2960 5607 2991 5581 3217 5607 3222 5607 3226 5607 3230 5607 3230 5602 3261 5576 3383 5602 3387 5602 3391 5602 3448 5576 3487 5602 3491 5602 3496 5602 3500 5602 3505 5602 3618 5576 3757 5598 3761 5528 3757 5415 3744 5407"/></Shape>
            <String CONTENT="Tous peuples luy ſont co nmne rie,"
                    HPOS="1175"
                    VPOS="5380"
                    WIDTH="2586"
                    HEIGHT="266"
                    WC="0.9682319672668681"></String>
          </TextLine>
          <TextLine ID="eSc_line_ed265395"
                    TAGREFS="LT8"
                    BASELINE="1001 5789 3574 5737" 
                    HPOS="997"
                    VPOS="5589"
                    WIDTH="2577"
                    HEIGHT="266">
            <Shape><Polygon POINTS="1001 5789 1001 5828 1184 5855 1188 5855 1193 5855 1197 5855 1197 5850 1219 5828 1506 5820 1611 5846 1615 5846 1619 5846 1759 5815 1846 5842 1850 5842 1854 5842 2020 5811 2203 5833 2207 5833 2355 5802 2464 5828 2468 5828 2473 5828 2477 5828 2481 5828 2521 5798 2734 5820 2738 5820 2921 5794 3130 5815 3134 5815 3139 5815 3195 5785 3352 5811 3356 5811 3522 5807 3526 5807 3531 5807 3574 5781 3574 5737 3565 5633 3134 5589 3130 5589 3126 5589 3121 5589 3121 5594 3065 5641 2917 5611 2912 5611 2721 5615 2716 5615 2712 5615 2677 5641 2629 5602 2625 5602 2621 5602 2542 5602 2538 5602 2534 5602 2442 5650 2412 5628 2407 5628 2403 5628 2399 5628 2259 5659 1937 5646 1933 5646 1772 5668 1741 5646 1737 5646 1732 5646 1728 5646 1441 5672 1314 5637 1310 5637 997 5633 1001 5789"/></Shape>
            <String CONTENT="Et moins que r’en deuant ſa face."
                    HPOS="997"
                    VPOS="5589"
                    WIDTH="2577"
                    HEIGHT="266"
                    WC="0.9643625770554398"></String>
          </TextLine>
          <TextLine ID="eSc_line_914cb20c"
                    TAGREFS="LT8"
                    BASELINE="1014 5998 3483 5955" 
                    HPOS="1010"
                    VPOS="5802"
                    WIDTH="2473"
                    HEIGHT="248">
            <Shape><Polygon POINTS="1014 5998 1014 6050 3478 5998 3483 5955 3474 5846 3313 5846 3187 5802 3182 5802 3178 5802 3174 5802 3169 5802 3117 5846 3017 5820 3013 5820 3008 5820 3004 5820 2999 5820 2960 5855 2716 5855 2634 5811 2629 5811 2507 5811 2503 5811 2499 5811 2494 5811 2494 5815 2442 5859 2163 5842 2159 5842 2155 5842 2089 5863 2046 5824 2046 5820 2042 5820 2037 5820 2033 5820 2029 5820 1876 5868 1798 5833 1793 5833 1789 5833 1785 5833 1650 5872 1497 5833 1493 5833 1327 5833 1323 5833 1319 5833 1314 5833 1245 5881 1193 5837 1188 5837 1184 5837 1179 5837 1010 5846 1014 5998"/></Shape>
            <String CONTENT="Bref, enuers luy n’u lieu ne place"
                    HPOS="1010"
                    VPOS="5802"
                    WIDTH="2473"
                    HEIGHT="248"
                    WC="0.9794789359850042"></String>
          </TextLine>
          <TextLine ID="eSc_line_53e7f519"
                    TAGREFS="LT8"
                    BASELINE="1036 6211 3217 6168" 
                    HPOS="1031"
                    VPOS="6024"
                    WIDTH="2186"
                    HEIGHT="235">
            <Shape><Polygon POINTS="1036 6211 1036 6259 3217 6220 3217 6168 3208 6059 2756 6042 2751 6042 2747 6042 2708 6063 2651 6024 2647 6024 2642 6024 2560 6024 2555 6024 2333 6072 1907 6037 1902 6037 1898 6037 1789 6081 1497 6068 1493 6068 1489 6068 1436 6089 1380 6050 1375 6050 1371 6050 1367 6050 1362 6050 1358 6050 1306 6089 1184 6055 1179 6055 1175 6055 1031 6055 1036 6211"/></Shape>
            <String CONTENT="Tout ce qu’eſt au val terrien."
                    HPOS="1031"
                    VPOS="6024"
                    WIDTH="2186"
                    HEIGHT="235"
                    WC="0.9748287280400594"></String>
          </TextLine>
          <TextLine ID="eSc_line_76d6fd0e"
                    TAGREFS="LT8"
                    BASELINE="1223 6403 3744 6377" 
                    HPOS="1219"
                    VPOS="6220"
                    WIDTH="2525"
                    HEIGHT="261">
            <Shape><Polygon POINTS="1223 6403 1223 6442 1471 6468 1476 6468 1737 6437 1846 6477 1850 6477 1854 6481 2020 6481 2020 6477 2024 6477 2111 6442 2177 6472 2181 6472 2185 6477 2386 6477 2386 6472 2581 6433 2629 6468 2634 6468 2638 6468 2642 6468 2647 6468 2708 6446 2825 6468 2830 6468 2834 6468 2939 6424 3235 6424 3274 6446 3278 6446 3282 6446 3287 6446 3291 6446 3356 6420 3465 6459 3470 6459 3474 6459 3478 6459 3552 6429 3735 6459 3744 6377 3735 6229 3361 6220 3356 6220 3352 6220 3348 6220 3291 6263 3065 6263 3026 6229 3026 6224 3021 6224 3017 6224 2904 6224 2899 6224 2895 6224 2891 6224 2834 6268 2677 6246 2673 6246 2368 6272 2307 6246 2303 6246 2298 6246 2059 6277 2015 6255 2011 6255 2007 6255 2002 6255 1950 6277 1885 6242 1880 6242 1876 6242 1872 6242 1867 6242 1815 6281 1698 6281 1593 6242 1589 6242 1584 6242 1580 6242 1576 6242 1528 6281 1314 6242 1310 6242 1306 6242 1219 6281 1223 6403"/></Shape>
            <String CONTENT="Or donques, puie que Dieu eſttel,"
                    HPOS="1219"
                    VPOS="6220"
                    WIDTH="2525"
                    HEIGHT="261"
                    WC="0.9510490587263396"></String>
          </TextLine>
          <TextLine ID="eSc_line_72c9a3d4"
                    TAGREFS="LT8"
                    BASELINE="1031 6633 3383 6590" 
                    HPOS="1027"
                    VPOS="6420"
                    WIDTH="2356"
                    HEIGHT="357">
            <Shape><Polygon POINTS="1031 6633 1031 6738 1227 6733 1271 6764 1275 6764 1280 6764 1284 6768 1406 6768 1406 6764 1410 6764 1519 6738 1637 6759 1641 6759 1645 6759 1650 6759 1693 6725 1989 6716 2094 6777 2098 6777 2103 6777 2107 6777 2111 6777 2268 6733 2316 6768 2320 6768 2325 6768 2329 6768 2455 6742 2669 6768 2673 6768 2882 6733 2925 6759 2930 6759 2934 6759 2939 6759 3330 6755 3335 6755 3339 6755 3383 6725 3383 6590 3370 6420 3134 6424 3130 6424 3069 6451 2904 6429 2899 6429 2895 6429 2795 6472 2599 6437 2595 6437 2590 6437 2586 6437 2538 6477 2377 6451 2372 6451 1841 6490 1802 6455 1802 6451 1798 6451 1793 6451 1732 6451 1728 6451 1724 6451 1641 6494 1593 6455 1589 6455 1584 6455 1580 6455 1576 6455 1484 6498 1275 6477 1271 6477 1267 6477 1262 6477 1245 6494 1166 6464 1162 6464 1158 6464 1027 6481 1031 6633"/></Shape>
            <String CONTENT="A qui le ferez-vous ſemolable?"
                    HPOS="1027"
                    VPOS="6420"
                    WIDTH="2356"
                    HEIGHT="357"
                    WC="0.9863261342048645"></String>
          </TextLine>
        </TextBlock>
        <TextBlock HPOS="1764"
                   VPOS="476"
                   WIDTH="1617"
                   HEIGHT="236"
                   ID="eSc_textblock_360897e2"
                   TAGREFS="BT18">
          <Shape><Polygon POINTS="1764 476 1764 712 3381 712 3381 476"/></Shape>
          <TextLine ID="eSc_line_9e2f5f76"
                    TAGREFS="LT10"
                    BASELINE="1820 639 3274 617" 
                    HPOS="1815"
                    VPOS="469"
                    WIDTH="1459"
                    HEIGHT="253">
            <Shape><Polygon POINTS="3208 522 3165 517 3121 517 3078 513 3034 513 2991 508 2947 508 2904 504 2860 504 2817 500 2773 500 2730 495 2695 495 2690 500 2673 495 2642 495 2599 491 2568 491 2560 500 2547 487 2512 487 2468 487 2425 482 2381 482 2338 478 2294 478 2268 474 2216 482 2163 469 2129 469 2081 517 1998 517 1959 487 1946 491 1902 500 1859 508 1815 517 1820 639 1820 678 2059 678 2168 722 2172 722 2177 722 2181 722 2333 674 2390 696 2394 696 2399 696 2529 669 2660 717 2664 717 2669 717 2965 713 2969 713 2973 713 2973 709 3026 661 3104 661 3182 704 3187 704 3191 704 3195 704 3200 704 3274 669 3274 617 3265 522 3252 522"/></Shape>
            <String CONTENT="CANTIQVES."
                    HPOS="1815"
                    VPOS="469"
                    WIDTH="1459"
                    HEIGHT="253"
                    WC="0.993749326467514"></String>
          </TextLine>
        </TextBlock>
        <TextBlock HPOS="3544"
                   VPOS="6640"
                   WIDTH="332"
                   HEIGHT="244"
                   ID="eSc_textblock_8d548d0b"
                   TAGREFS="BT17">
          <Shape><Polygon POINTS="3544 6640 3544 6884 3876 6884 3876 6670"/></Shape>
          <TextLine ID="eSc_line_f3df6f94"
                    TAGREFS="LT8"
                    BASELINE="3579 6785 3831 6785" 
                    HPOS="3579"
                    VPOS="6646"
                    WIDTH="252"
                    HEIGHT="253">
            <Shape><Polygon POINTS="3579 6759 3579 6785 3579 6899 3831 6868 3831 6785 3831 6646 3592 6646 3579 6759"/></Shape>
            <String CONTENT="Gu"
                    HPOS="3579"
                    VPOS="6646"
                    WIDTH="252"
                    HEIGHT="253"
                    WC="0.9995502233505249"></String>
          </TextLine>
        </TextBlock>
      </PrintSpace>
    </Page>
  </Layout>
</alto>
