4267 7603
794 426 321 232 178

1651 422 1576 177 CHANSONS

992 646 2641 245 Qui nous pourſuit iournellement

992 865 2282 228 A la mort treſ-cruellement:

1178 1064 2755 262 Voire à grand tort, meſme ſans cauſe:

1014 1267 2435 221 Car contre luy aucune choſe

1001 1478 2577 232 N’auons commis, n’auſſi penſé:

1001 1681 2281 215 Dont tenir ſe puiſſe offenſé:

819 1888 2641 236 Nous n’auons offenſé, en ſomme,

1005 2107 2666 224 Dedans Lyon femme ny homme:

1018 2314 2657 224 D’où vient cela donc, ô Seigneur,

1026 2508 2704 254 Qu’il nous tient ſi grande rigueur!

1191 2715 2577 254 C’eſt pour autant que l’Euangile

1026 2935 2670 232 Nous confeſſons de cœur agile,

1022 3159 2683 228 Et que n’auons point approuué,

1046 3338 2428 216 Ce que Papes ont controuué.

840 3552 2843 228 Donc s’il te plaiſt, Dieu, noſtre Pere,

933 3776 2176 232 Voy par pitié le vitupere,

1051 3966 2717 236 Que nous ſouffrons iournellement,

1043 4181 2100 224 Pour ta Parole ſeulement.

1225 4380 2708 257 Regarde & voy, q̃ d’heure en heure,

1047 4612 2729 215 Crainte de mort en nous demeure:

1064 4815 2455 219 Car ſi aux hommes regardons,

1047 5022 2784 224 Rien que la mort nous n’attendons.

857 5224 2763 237 Si toſt qu’on vient ouurir la porte,

1009 5427 2624 224 Noſtre chair craint en telle ſorte,

1026 5643 2146 236 Qu’elle iuge ſubitement,

1022 5850 2607 240 Que c’eſt pour aller au torment.

1233 6061 2636 198 Incontinent ſi fort nous tremble,

967 6251 2907 291 Le poure cœur, làs, qu’il nous ſemble,

3709 6462 249 249 Que
