4267 7656
889 421 353 208 246

1880 425 1578 238 CHANSONS

830 2114 359 425 E

863 655 2306 259 Si me faut-il tout quoy tenir,

863 854 2599 285 Puis que le Seigneur m’y appelle,

855 1067 2284 264 Sachant que c’eſt pour reunir

855 1280 2399 263 Corps & ame en vie eternelle.

1225 1692 2433 273 Chanſon ſur le chant, En atten¬

1731 1939 1366 234 dant la vraye, &c.

1207 2105 2446 287 N attendant la vraye iouiſſance

1207 2309 2734 313 De mon ſalut, i’ay en Dieu eſperance,

812 2539 3016 272 Et ne crain point le mal où ie puis eſtre:

804 2747 3143 285 Puis que par foy, Dieu me donne à con¬

1042 2973 710 216 gnoiſtre

795 3143 2935 276 Où giſt mon bien, & ma reſiouiſſance.

1735 3394 1094 229 Autre chanſon.

914 3564 3016 289 Plus chaut que feu en nous deuons ſentit

795 3785 2897 276 Vn zele ardent, pour à Dieu conſentir,

757 3985 2918 272 Et le ſeruir d’vn cœur franc & deliure,

757 4198 3156 285 Puiſqu’en mourãt il nous veut faire viure.

1242 4610 2280 285 Chanſon ſur le chant, A Dieu

1663 4874 1314 234 mon eſperance, etc.

1117 5027 1783 268 N Dieu mon eſperance

1117 5244 1725 293 Auray tant que viuray,

697 5461 1939 251 A Dieu tant que i’auraye

684 5661 1396 225 De vie iouiſſance

697 5861 1740 263 Feray recognoiſſance

676 6078 1974 263 Du bien que ie tiendray:

689 6273 1608 311 Car il eſt bien raiſon,

702 4970 403 491 E

3462 6567 396 276 Qu'il
