4267 8022
864 499 339 227 136

860 757 2613 223 Nenni, nenni, tu te conuertiras,

856 967 2982 227 En demonſtrant ta bonté & ta grace:.

856 1181 2648 245 Et par ainſi ton peuple eſiouiras,

864 1381 3077 267 Quand il verra ta ſaincte & digne face.

1043 1577 3016 301 Apres qu’aurons longuement foufpné,

869 1818 2653 223 Ouure le ſein de ta miſericorde:

873 2032 3055 254 Que nous voyons le Chriſt tant deſiré,

860 2241 3085 250 Paſteur de paix, & paſteur de concorde,

1065 2446 2733 259 Alors i’orray ce qu’il dira en moy,

851 2647 2573 258 Et de preſent à cela ne diſpoſe:

873 2870 3077 245 Tres-volontiers l’orray ſans nul eſmoy

856 3088 3152 250 Bien-heureux eſt qui n’orra autre choſe

1061 3302 2519 236 A tous ſes ſaincts Euangelizera

856 3502 2817 254 De ceſte paix la ioyeuſe nouuelle,

856 3725 2657 232 Sans oublier cil qui l’inuoquera:

869 3910 2769 274 Car par luy ſeul aura vie eternelle.

3705 3917 287 287 (Die

1052 4149 2951 231 Mais toutesfois des humbles craignans

860 4345 2849 231 Plus pres ſera le ſalut à toute heure.

873 4563 3081 254 Grace de Dieu eſt touſiours pres du lieu

856 4786 3134 223 Des vrais croyãs, c’eſt ſa propre demeure,

1043 4991 2216 236 Miſericorde & auſſi verité

851 5196 3054 263 Dames d’honneur, ſe ſont bien ralliees:

864 5428 2600 236 Iuſtice & paix en parfaite vnité

851 5637 2484 214 Finalement ſont reconciliees.

1074 5838 2872 249 Tant s’eſt voulu vers nous humilier,

860 6052 2501 231 Celuy qui eſt verité & iuſtice,

873 6261 2707 259 Qu’il eſt venu pour nous iuſtifier,

860 6493 2876 298 Et nous ſauuer par ſa grace propice.

1779 499 1627 214 CHANSONS

3656 6711 347 259 Apres
