4267 7331
904 299 263 226 401

888 484 2498 253 Ta main donc pour nous aſſiſter.

1018 700 2385 244 N’es-tu celuy qui par puiſſance

859 912 2152 199 De chaſſas tous tes ennemis

868 1095 2237 228 Be la terre de leur naiſſance,

855 1303 2091 228 Pour la donner à tes amis?

872 1486 2115 253 I’enten au peuple Iſraelite,

921 1690 2041 244 (D’Abraham la poſterité,)

880 1906 2217 240 Laquelle en luy tu as benite,

884 2105 1915 224 Pour y eſtre en eternité.

1084 2305 2160 228 Ils y ont donc à ta memoire

876 2480 2188 256 Eſleu vn temple & vn autel,

892 2696 2021 240 Où tu manifeſtes la gloire

884 2874 2580 257 De ton Nom ſainct & immortel.

1075 3095 2307 240 Là voulus que toute perſonne

900 3274 2727 273 Te priant (quelque mal qu’elle eubiy

912 3486 2478 248 Y trouuaſt deliurance bonne, A

896 3694 2572 240 Comme au vray port de ſon ſa tat.

1096 3897 2347 236 Si du glaiue de ra vengeance

912 4076 2645 261 (Famine ou peſte ) eſtoyent preſſez,

880 4284 2677 253 Là trouuaſſent prompte allegeance

880 4504 2380 232 En t’inuoquant tous oppreſſez:

1055 4687 2290 253 Seigneur, voicy les Moabites

896 4891 2185 240 Ceux de Seir ſuperbe mont,

880 5082 2254 224 Et auec eux les Ammonites,

888 5286 2535 244 Qui grandes menaces nous font.

1084 5481 2738 257 Ce ſont ceux que nous eſpargnaſmes

884 5689 2091 245 Fadis d’Egypte retournans,

884 5872 2714 294 Et nullement n’endommageaſmes,

1760 252 1471 232 CANTIOVES.

3688 6052 220 289 De
