4267 7821
117 573 2246 261 (Combien qu’eminente ſoit

121 790 2082 235 Voire & ouurante ſur eux)

108 1008 2607 260 Rien n’y cognoiſſent leurs yeux.

195 1229 2129 213 Ils en auront bien la veue

112 1442 2369 239 Quelque iour à leurs deſpens:

108 1659 2012 252 Receuans la honte deue

104 1881 2355 252 De l’enuie qu’en tout temps.

99 2089 2203 257 Portee à ton peuple auront:

108 2298 2177 274 Car de honte ils ſecheront.

169 2511 2299 287 O Dieu ô noſtre eſperance.

95 2715 1751 287 Iu eſtabliras ta paix,

99 2954 2681 274 Comme en nous par ta puiſſance

69 3176 2068 221 Moutes nos œuures tu fais:

126 3371 2255 278 Car il n’eſt rien fait par nous,

99 3606 2216 239 Que ce que tu fais en tous.

182 3819 2455 265 Seigneur noſtre Dieu & Pere

86 4032 2499 265 D’autres ſeig, eurs nous ont mis

91 4262 2368 293 ious ioug, pa. grand’vitupere

82 4479 1734 244 Seruans à fes ennemis:

82 4666 2407 282 Mais en deſpit des vainqueurs

86 4901 2555 226 Touſiours regnois en nos cœurs:

173 5105 2599 278 Ils ſont morts & plus ne viuent,

82 5331 1890 226 lamais n’en releueront:

86 5539 2490 261 Car tes verges les pourſuyuent

78 5748 2433 278 Et touſiours les pourſuyuront:

82 5961 1877 256 Totalement les perdras,

78 6178 2342 261 Et leurs memoires eſteindras.

186 6417 2351 404 Les tiens eſtans au contraire

645 286 1612 320 CAANTIQVES.

3158 325 300 374 917

2359 6673 352 252 X j
