4267 8012
3405 734 187 254 77

886 716 1808 249 SPIRITVELLES.

503 983 1608 249 Noble mariage, &c.

378 1201 1929 241 Sainct Paul pareillement,

369 1419 1866 250 Dit en plus d’vn paſſage,

387 1638 1884 240 Que paillards nullement

383 1838 2489 262 N’auront pas l’heritage bis.

383 2043 2173 253 Aux enfans de Dieu promis:

391 2265 1929 249 Honorons donc mariage,

387 2501 2254 218 Pour eſtre en Dieu tous vnis.

472 2692 1616 254 Noble mariage, &c.

387 2897 1688 276 Mariage à Dieu plaiſt,

396 3120 1929 258 Quand il eſt ſans outrage,

391 3338 1965 262 Mais au Seigneur deſplaiſt

387 3531 2657 281 Surtout concubinage, bis

387 3774 1955 232 Et tout deshonneſte tour:

391 3983 2049 258 Mieux vaut poure mariage,

405 4206 2191 222 Que riche & vilaine amour.

1376 4419 1118 236 Autre chanſon.

801 4586 2851 301 Ous les plaiſirs que le cõmun deſire,

801 4827 2865 260 N’ont le pouuoir de me rẽdre cõtẽt.

409 5052 3198 253 Tous les hõneurs, pour leſquels on cõtend

400 5265 3109 267 Ne pourroyent point à mon deſir ſuffire,

561 5483 2930 263 Tous les threſors, ou le vulgaire aſpire

396 5688 2771 263 Et pour leſquels il ſe va combatant.

396 5915 3251 258 En mon endroit de pouuoir n’ont pas tant,

414 6120 3242 276 Que pour toꝰ eux, vn ſeul coup ie ſouſpire.

561 6333 2659 267 Tels plaiſirs ſont de vice les appas:

405 6534 3256 267 Pour tels honneurs ſouuẽt on tombe à bas

405 6747 3251 334 Et grans threſors cauſent ſouuent triſteſſe,

448 4546 329 488 T
