4267 7603
942 430 367 224 146

2010 405 1614 245 CHANSONS

950 654 2087 245 Ie ne crain Satan vn feſtu,

933 870 2455 215 La mort, enfer, ne ſes tormens,

937 1060 2210 224 Ne l’Antechriſt fol & teſtu,

950 1300 2252 216 Car tu es vray en iugemens,

1144 1491 2269 232 Sauué ſeray par ton ſermon,

975 1698 2856 261 Plus tranchant qu’vn glaiue pointu,

954 1909 2104 236 Qui fait du corps diuiſion

946 2095 2150 261 Et de l’eſprit par foy veſtu:

946 2318 2332 233 Par mes pechez ſuis deueſtu.

959 2525 2564 237 De tous mes bons habillemens:

950 2745 1998 232 Par ta grace ſuis reueſtu,

959 2960 2260 212 Car tu es vray en iugemens.

1153 3146 2235 224 Caphars remplis de fiction,

963 3357 2416 233 Ont l’honneur de Dieu abatu,

954 3569 2311 228 Nous promettans remiſſion:

963 3776 2226 224 Mais (tout conté & rabatu)

959 3970 2408 215 Par Chriſt Satan eſt combatu,

954 4194 2708 236 Et non point par leurs ſacremens:

971 4409 2003 216 Qui ne le croit ſera batu,

975 4625 2256 211 Car tu es vray en iugemens:

1626 4806 1783 237 Chanſon ſur le chant,

2036 5039 1174 215 Tant que viuray

1477 5195 2549 279 On Dieu mon Roy, mon Pere tou◊

1470 5417 793 272 puiſſant,

967 5634 2991 224 Dieu eternel dont tout bien eſt iſſant,

971 5841 2839 232 Seant là haut deſſus les Cherubins,

975 6052 3037 237 Par le tien Chriſt Satan eſt impuiſſant,

980 6264 2961 295 Peché prend fin au poure languiſſant,

970 5177 581 468 M

3626 6487 507 228 Morte
