4267 7656
897 463 383 226 262

1739 467 1763 239 CHANSONS

887 3604 416 491 Q

914 706 2340 255 Comme vn fol plein de rage,

910 914 1889 234 Vſant de tous faux tours

901 1127 1723 242 De fait & de courage.

880 1348 3063 234 Pour mes pechez tous maux me ſont bien

1046 1543 464 196 deus

887 1722 3086 319 Veu qu’en tout vice ay mes iours deſpẽdus,

863 1969 2195 234 Mais i’ay tout mon recours

867 2169 2068 238 Au ſeul Dieu bon & ſage:

812 2394 1974 226 Auquel par foy ie cours

855 2590 2076 268 Auec Chriſt ſon meſſage.

859 2981 3088 306 Chanſon ſur le chant, Quand i’ay penſé en

1727 3249 1616 234 vous ma bien aimee, etc.

1310 3632 2629 272 Vand i’ay penſé en vous Bible ſacree,

1309 3847 2376 255 Liure ne voy de telle authorité,

829 4066 2957 246 Ne qu’en liſant à mon cœur tant agree,

850 4278 2230 230 Car il n’y a que pure verité.

829 4487 2502 234 Mais pour vous lire apertement

833 4687 2289 234 I’ay recompenſe de torment:

833 4895 2485 247 Toutesfois quand à Dieu plaira

821 5108 2161 225 Publiquement on vous lira.

825 5299 2871 260 Les ſeducteurs qui vous ont delaiſſee

829 5516 2646 243 Pour eſtablir leurs loix d’iniquité:

816 5720 2817 255 Ne vous ont pas ſeulement offenſee,

816 5929 3126 280 Ains voſtre autheur regnant en Trinité,

808 6137 2327 251 Lequel les voyant pleinement

842 6362 2280 298 Vous auoir en contentement

3637 6575 315 281 Vous
