4267 7925
3214 656 268 246 43

801 598 1735 234 SPIRITVELLES.

290 1902 284 488 H

273 884 2347 247 Fay tant que chacun obtempere

264 1096 1686 242 A ce que tu as ordonné.

620 1290 2290 250 Chanſon ſur le chant, Vn iour

810 1505 1884 251 m'alloye deporter par deuant

1100 1739 1269 202 l’huis de mon &c.

568 1895 2067 271 Eretiques, que ferez vous?

634 2113 2595 284 Commẽt vous pourrez vous virer?

290 2359 2589 243 Vous ne viurez plus comme loups,

277 2571 1982 237 Il eſt temps de vous retirer:

281 2791 2374 229 Autre moyen vous faut cercher,

290 3002 1740 203 Car l’heure eſt ia venue

303 3196 2132 264 Que l’Euangile faut preſcher:

308 3416 1854 238 Voſtre erreur eſt cognue.

391 3641 2532 233 Ne ſeriez-vous pas bien contens,

299 3843 2250 216 Si lon-vous pardonnoit le tort

312 4059 2488 233 Que nous auez fait tant de temps,

308 4266 2334 202 Nous faiſans condamner à mort

308 4455 2056 251 Par voſtre fait vilain & ord?

321 4671 1480 246 O maudite canaille,

321 4869 2448 273 Le Seigneur Dieu eſt le plus fort,

339 5098 1836 242 Qui contre vous bataille.

317 5292 2377 268 De quoy vous ſeruent les aſſaux

330 5516 2175 247 Qu’auez faits en Chreſtienté,

352 5732 2298 251 Qui ſont cauſe de tant de maux

325 5930 1876 255 Faits par voſtre crudelité?

352 6146 1805 264 Vous auez penſé meriter,

347 6362 1683 242 Tenant voſtre grimace:

334 6560 2277 339 Dont vous faudra peine porter,
