4267 7830
775 556 448 253 390

1724 539 1585 235 CANTIQVES.

784 802 2280 222 Les iureurs ne peut endurer.

973 985 2418 248 D'auantage, il ne dit ne chante

783 1191 2691 257 Folle chanſon, orde ou meſchante:

784 1370 2143 274 Mais de chanter s’il a deſir,

797 1598 2470 274 A louer Dieu prend ſon plaiſir.

1010 1844 2743 239 Toutes les fois qu’on boit ou mange,

810 2029 2790 300 Inuoquant Di eu, luy rend louange.

823 2238 1901 280 Et à cela il ne faut pas,

810 2459 1993 268 Deuant & apres le repas.

1001 2675 2238 248 Le iour du repos ordinaire

801 2875 2403 270 Il eſt ſoigneux, ſur tout affaire,

814 3101 2325 248 De venir au temple eſcouter

827 3310 2229 252 Le ſermon, pour y profiter.

1018 3510 2147 252 En ce faiſant, il ne meſpriſe

816 3712 2189 281 De ſe trouuer auec l’Egliſe.

840 3949 2321 240 Pour faire à Dieu confeſsion

840 4154 2051 235 De vraye foy ſans fiction.

1031 4345 2613 279 Et pour prier Dieu qu’il luy face

836 4560 2470 268 De ſes pechez pardon & grace,

836 4769 2418 242 Et pour le louer comme doit

875 4965 2490 255 Tout fidele ayant le cœur droit.

1132 5193 2708 270 Auſsi pour apprendre à bien viure,

849 5389 2463 255 A craindre Dieu, & à le ſuyure,

862 5604 2450 248 En gardant ſans nul contredit

870 5815 2900 270 Tout ce qu’il commande, & qu’il dit.

1044 6046 2617 248 Apres le ſermon, ne gourmande,

866 6255 2830 239 Mais tout cela qu’on luy commande

849 6464 2582 291 Il fait d’vn bon, cœur & ioyeux,

3805 6681 183 226 En
