4267 7849
842 627 266 223 94

1705 627 1554 205 CHANSONS

828 854 2902 240 Car tu es tel que ne pourrois mentir:

828 1063 2771 249 De ceſt eſpoir ne me puis repentir:

815 1264 2876 249 Et m’y fieray à tout iamais ſans ceſſe.

999 1469 2993 279 Le vray Chreſtiẽ ayant la cognoiſſance

807 1661 3089 283 Du Redempteur & de ſa grand' bonté,

807 1870 2377 262 Iuſqu’à la mort, dés ſa natiuité,

798 2079 3124 262 Doit mettre en luy toute ſon eſperance.

968 2276 2784 248 Miſericorde a en telle abondance.

811 2476 3133 284 Qu’il n’eſt pecheur, n’hõme tant vitieux,

785 2703 3176 257 Ne tant mauuais, ſoit des ieunes ou vieux

824 2904 2923 257 Qui de peché n’y trouue deliurance.

938 3095 3014 288 Puis qu’il peut dõc toute faute remettre

794 3309 2521 253 Croyans qu’il a fait ſatisfaction

785 3510 2609 261 De nos pechez: en ſa ſubmiſſion

794 3715 3150 274 Treshumblement, mes freres, nous faut

855 3946 802 205 mettre.

968 4129 2949 275 O mon Seigneur, tu es le Chriſt treſdi¬

3599 3970 321 235 (gne

776 4338 2901 262 D’eſtre de tous humblement adoré.

772 4526 2977 281 Il t’appartient, ton Nom tres honnoré

759 4757 2569 253 Soit à iamais, & ta bonté diuine.

1034 4944 2650 295 Chanſon ſur le chant, Vray Dieu

1701 5189 1427 239 qu’il vit en malaiſe.

1132 5350 2264 288 Ray Dieu qu’il vit en malaiſe

1151 5566 2088 281 Qui ne vit en Ieſus Chriſt,

763 5777 1841 271 Qui y vit, vit à ſon aiſe,

711 5995 1998 253 Ayant ioye en ſon eſprit.

924 6187 2160 284 Reſiouyſſons nous treſtous,

746 6401 1941 296 Amateurs de l’Euangile:

737 5337 429 464 V

3451 6706 471 201 En en¬
