4267 8012
3113 471 334 210 243

888 427 1836 227 SPIRITVELLES.

186 2884 221 447 L

204 716 3207 263 Pour nous inſtruire en luy parfaitement:

227 930 3238 267 Quand il nous touche au cœur bien viue¬

400 1183 504 187 ment

200 1348 2432 263 Par la vertu ſecrette de l’Eſprit,

195 1602 2651 200 Nous receuons alors entierement

200 1793 3269 267 Ce qu’on nous preſche, & ce qui eſt eſcrit

801 2189 1850 301 Chanſon ſur le chant,

1135 2430 1128 247 Le dur trauail.

460 2837 2678 294 E dur trauail que le fidele endure

460 3077 2985 268 Par les meſchans, a bien quelque ri¬

610 3342 588 250 gueur.

151 3520 2828 258 Selon la chair, la peine luy eſt dure:

173 3756 3189 250 Cela le poingt, & picque iuſqu’au cœur.

169 3979 2743 236 Mais par la foy ſi ſera-il vainqueur,

164 4170 3247 249 De tous les maux qu’il ſouffre en patiẽce:

169 4402 3024 236 D’autant que Dieu releue ſa langueur,

164 4606 3007 254 Luy promettant heureuſe deliurance.

874 4813 1202 261 Autre chanſon.

240 5025 3225 262 Du deſplaiſir que les meſchans ont fait

164 5261 3287 236 Aux bõs Chreſtiens, & de toute nuiſance

160 5479 3011 231 Dieu qui ne laiſſe impuni nul mesfait,

151 5697 3300 245 En ſçaura bien (en fin) prendre vengeãce.

861 5902 1142 253 Autre chanſon.

231 6111 3249 249 Ie croy pour vray, & ſi ſçay ſeurement,

146 6329 3310 249 Qu'en Ieſus Chriſt, mõ Seigneur amiable,

142 6543 2998 285 Deuant mon Dieu, ie ſeray aggreable,

2102 6801 570 240 q .iiii.
