4267 8012
3185 701 260 267 129

815 694 1728 227 SPIRITVELLES.

353 3912 226 447 P

356 948 2267 227 De mettre ailleurs ſa confiance

351 1152 1978 241 Et le declara Redempteur.

360 1366 2334 249 Sainct Pierre n’a point vſurpé

356 1580 2654 244 L’honneur qui eſt deu à ſon maiſtre:

347 1798 1844 245 Ains a le peuple prohibé.

347 2003 3109 258 Monſtrant bien qu’il n’eſtoit pas traiſtre,

356 2225 2819 254 Diſant, Qu’eſt-ce gens que vous faites?

338 2443 2294 241 Ne penſez point de vous iouer:

360 2648 2530 245 Ie ſuis homme comme vous eſtes,

347 2862 2254 244 Le ſeul Seigneur deuez louer

864 3080 1795 240 Chanſon ſur le chant,

1215 3324 1118 219 Par ton regard.

824 3516 1982 249 D'eſperance, Foy & Charité.

1242 3730 980 244 D’Eſperance.

587 3912 2457 294 Ar ton regard tu me fais eſperer,

574 4132 2704 281 En eſperant me conuient endurer,

347 4379 3011 232 En enduranr ne me faut ia complaindre:

342 4580 3109 253 Me cõplaignant ne puis mõ mal eſtaindre

342 4798 2771 308 Mais du danger ſeul me peux retirer.

1590 4965 343 309 Foy.

445 5207 2494 267 Par ton parler me fais en toy fier

338 5417 2343 280 En my fiant ne me doy ſoucier:

338 5644 2966 267 Se ſouciant on ne fait rien que craindre,

334 5848 3135 290 Et par la crainte on peut la foy enfraindre

334 6062 2534 285 Il faut donc croire & ne ſe desfier.

1407 6329 668 187 Charité.

383 6485 2886 298 Par ton amour tu m’apprens à aimer.

329 6712 2650 334 En bien aimant mal de nul eſtimer,

2360 7006 472 249 i .iii.
