4267 7877
807 315 131 190 6

1680 350 1571 218 CHANSONS

765 542 1830 280 De famine & ſterilité,

770 774 2070 271 De peſte & de mortalité.

1002 1002 2560 297 Vray eſt que pluſieurs tu viſites,

761 1199 2661 293 Pour leurs pechez, & demerites.

748 1413 2057 263 Mais ſi as-tu compaſſion,

752 1623 2293 271 S’on t’inuoque en affliction.

958 1842 2319 302 Car tu es doux & pitoyable,

739 2039 2442 315 Pompt à merci, & ſecourable,

761 2266 2245 294 Tellement que tous affligez

743 2485 2180 285 Crians à toy, ſont ſoulagez.

932 2695 2547 285 Au Nom de ton Fils te recorde

717 2892 2237 302 De faire à tous miſericorde,

717 3111 2158 289 Par ton Eſprit leur aſſiſter

713 3334 2114 276 En en douceur les viſiter.

914 3562 2342 267 Afin que par leur deliurance

695 3750 2460 315 Ils recognoiſſent ta puiſſance:

691 3986 2508 289 Et que tu ſois par tout nommé,

687 4205 2840 289 Seigneur, Tout-puiſſant renommé.

835 4419 2906 285 Sur tout, fay que ceux qui endurent

673 4612 2779 293 Pour Ieſus Chriſt, en la foy durent,

673 4826 3025 320 Mourans par ſon Nom conſtamment,

669 5050 2552 284 Sans faire aucun renoncement.

849 5255 2490 311 Que s’il te plaiſt encore en vie

656 5487 2446 289 Les maintenir, maugré enuie,

656 5688 2578 289 Seigneur, deliure-les des mains

647 5903 2600 293 De ces grans tyrans inhumains:

840 6126 2302 293 Afin qu’apres celle victoire,

634 6323 2945 389 Eux & nous t’en rendions la gloire,

3689 6603 306 324 De
