4267 7647
276 739 2665 238 De plus grand cœur à toy ſeruions,

276 943 2405 229 Et ton ſainct Nom magnifions.

403 1151 1977 233 Fay que ta Parole floriſſe

289 1355 2528 225 Par tout le monde, & le rempliſſe

289 1567 2171 213 Du haut los de ta ſaincteté,

289 1780 2048 216 De ta puiſſance & maieſté.

454 1996 2525 230 Afin que tous peuples t’adorent,

293 2196 2635 229 Et qu’en ton Fils leſus t’honorent:

314 2400 2393 250 Que les Iuifs, & peuple Gentil

314 2621 2363 238 Soyent conuertis ainſi ſoit-il.

323 2931 3200 234 AVTRE CANTIQVE PLEIN

323 3169 3234 221 de conſolation, pour ceux à qui Dieu fait ceſt lou¬

314 3364 1938 242 neur de ſouffrir pour ſon Nom.

454 3606 2907 230 Sur le Chant du Pſeau. 4O. Apres auoir, etc.

778 3829 2736 274 Ens inſenſez, où auez-vous les cœurs

714 4021 2334 261 De faire guerre à Ieſus Chriſt,

323 4265 2384 216 Pour ſouſtenir ceſt Antechriſt?

327 4477 2703 255 Iuſques à quand ſerez perſecuteurs?

497 4685 1798 217 Traiſtres aboninables:

323 4881 1729 229 Le ſeruice des diables

352 5093 1726 234 Vous allez ſouſtenant:

327 5301 1543 221 Et de Dieu les edits

327 5514 1764 229 Par vous ſont interdits

331 5747 1755 204 A tout homme viuant.

454 5943 3116 255 Iuſtice & droit, en voꝰ ne regnẽt poirt:

323 6147 2082 208 Mais vous braſſez iniquité:

331 6355 2306 306 En vos cœurs giſt malignité:

960 475 1721 196 SPIRITVELLES.

3367 484 147 306 7

369 3797 369 459 O

2295 6610 620 221 a. iiij.
