4267 7331
1096 183 350 195 306

1996 183 1508 220 CANTIQVES.

1075 390 2645 241 Et le dernier de tous ſes populaires

1063 586 2739 252 Il ſe monſtra nayant plus dauerſaires.

1059 790 2910 260 Lors de Machir y vindrent les Recteurs,

1043 981 2739 261 De Zabulon les principaux docteurs,

1063 1197 2902 244 Scribes, marchans, & gens de toute taille,

1055 1384 2515 232 Pour aſſiſter au iour de la bataille.

1259 1580 2307 240 Là d’Iſſachar toute la fleur tira,

1051 1796 2616 220 Princes & ducs, enſuyuans Debora:

1051 1991 2792 244 Apres Barach tous à pied ſe ietterent,

1047 2187 2983 272 Et de grand cœur droit au combat marche◊

1238 2411 453 171 rent.

1255 2582 2535 252 Vous cependant des autres diuiſez,

1039 2781 2832 265 Enflez de cœur, vous tant bien aduiſez,

1031 2993 3095 236 D’où vient cela, meſsieurs les Rubenite◊

1039 3188 2673 261 Que d’y venir aucun conte ne fiſt◊?

1043 3384 2820 289 Gens, gens de cœur, trop ſages & ◊aſsis,

1022 3588 2719 256 D’où vient cela que demeuri ◊sis

1031 3783 2779 253 Sur le Iordain, ſur ſes riues pla◊antes,

1027 3987 2771 240 Pour eſcouter vos ouailles beellantes?

1222 4178 2551 265 Maint penſement, eſtrifs, deriſions,

1014 4378 2148 216 Furent illec de vos diuiſions:

1006 4569 2910 289 Mais quels eſtrifs? à penſer ie vous laiſſe

1031 4777 2596 248 Ce qu’on diſoit de voftre hardieſſe.

1010 4981 2621 248 Mais Galaad pourquoy s’eſt il tenu

1010 5184 2380 240 Delà le fleuue? ou qui la retenu?

1022 5384 2821 256 Toy auſſi Dan, qui des coups te retires,

1002 5591 2808 241 Eſtoit-il temps de couuer aux nauires?

1006 5779 2657 330 Pourquoy auſsi demourois-tu, Aſer,

3826 6015 216 236 En
