4267 7925
3150 680 218 297 23

730 625 1819 268 SPIRITVELLES.

180 942 960 242 Et eſperance

176 1083 2444 325 Qui ne confond en nul endroit.

550 1342 2012 229 Le ſeptieme commandement.

325 1514 2387 264 Tu ne ſeras iamais fornicateur,

180 1711 2981 305 Par œuure ou dit, ou par nulle penſee:

180 1941 2801 282 Mais marier te faut, c’eſt le plus ſeur,

162 2148 3105 277 Contre la chair bien nourrie & penſee.

162 2355 2717 291 Peu de gens ont le don de chaſteté,

167 2562 2840 343 Mais mariage eſt plein d’honneſteté.

176 2844 1061 224 Concubinage

171 3029 1427 281 Fait grand outrage

180 3253 1180 238 Au ſainct vſage,

176 3456 2769 277 Où Dieu veut les ſiens maintenir.

180 3676 1502 242 Tien donc meſnage

167 3905 911 224 En mariage

167 4103 1541 255 Des ton ieune aage,

171 4319 1991 233 Si tu ne peux te contenir.

722 4534 1906 216 Le huitieme commandement.

343 4728 2387 225 Tu ne ſeras larron nulle ſaiſon,

184 4939 3105 247 Des biens d’autruy, heritage, ou pecune

171 5146 2563 238 Si tu les as, ren-les, c’eſt la raiſon,

176 5349 3034 251 Sans retenir du prochain choſe aucune:

180 5556 2871 264 Si tu n’as rien, beſongne de tes mains

189 5794 3051 251 Pour ſuruenir aux poures tes prochains

193 5965 1044 269 Laiſſe auarice

189 6185 1118 265 Pleine de vice,

193 6401 973 260 Et ſon office,

206 6634 2365 282 Où eſt enclin le cœur humain.

2267 6828 502 256 b .iiii.
