4267 7603
781 443 342 215 162

1694 451 1529 199 CHANSONS

786 1108 386 456 N

1085 667 2620 253 Autre chanſon ſur le chant, I’ay

1689 920 1483 195 le coeur ſouuent marri.

1215 1154 2669 244 Ous ſommes en treſgrand ennuy

773 1567 2775 232 Làs ce n'eſt pas ne d'hier, ne d'huy,

1236 1343 2447 259 De voir l’Euangile en meſpris:

790 1774 2695 253 Que pour bien faire on eſt repris.

773 1985 1575 202 Lon nous menace,

781 2183 1787 233 Mais quoy qu’on face,

777 2394 2742 212 Nous paruiendrons certainement

790 2597 2374 241 Où l’eſpoir à pris fondement,

967 2804 2767 241 Pour vn temps Dieu le mal endure,

768 3024 2607 211 Attendant que nous retournons:

764 3227 2852 232 Mais quand il voit que trop il dure.

768 3429 2861 233 Et que plus nous nous deſtournons,

768 3624 1500 240 Par grand rudeſſe,

764 3839 1390 215 Il nous renuerſe,

773 3991 2878 317 Monſtrant que c’eſt luy ſeulement,

794 4261 2281 245 Qui fait iuſtice & iugement.

1073 4532 2695 270 Chanſon ſur le chant, Puis que de

1550 4794 1719 215 vous ie n'ay autre viſage.

1089 5005 2785 249 Vis que de vous ie n’ay autre viſage,

1096 5195 2834 298 Rẽdre m’en vay a Dieu (qui le deſſert)

768 5444 2889 224 Pour le prier: que ſi chacun ſe perd

764 5647 3076 228 A ſon eſcient, ie n’en ſouffre dommage.

764 5854 3113 232 Adieu la chair, adieu mondain ſeruage,

764 6061 2776 228 Adieu vous dy, monde pernicieux:

777 6272 3037 270 Ie n’ay pas eu de vous grand auantage,

755 5035 390 409 P

3722 6479 245 236 Du
