4267 8012
3229 712 325 262 109

757 694 1795 209 SPIRITVELLES.

280 3051 381 454 M

227 939 1897 222 Et bons marchans auſſi,

240 1152 1982 245 Gardez vous de mal faire.

249 1379 1768 245 Et de trop grand ſouci,

249 1597 1666 219 Ne ſoyez conuoiteux,

253 1802 1951 218 Ni de bien faire honteux

262 2029 2040 196 Seruez Dieu en vos cœurs:

271 2230 1474 231 Viuez en patience,

258 2457 1969 222 Et vous ſerez vainqueurs.

565 2652 2508 241 Chanſon ſur le chant Celle qui

1019 2911 1475 200 m'a tant pourmene.

661 3057 2530 288 On Dieu, que i’ay tant attendu,

661 3278 2150 240 A eu pitié de ma langueur:

267 3507 2147 209 Son Fils en la croix eſtendu

271 3730 2419 240 Eſt noſtre prince & protecteur,

267 3930 2360 227 Noſtre aduocat, noſtre recteur,

276 4148 2387 245 Gouuernant tout par ſa Parole:

271 4357 2116 223 Il nous renouuelle le cœur,

262 4571 2321 236 Dont il m’eſt auis que ie vole.

405 4789 2396 254 Il eſt venu, mais en temps deu,

271 4989 2361 258 Et s’eſt monſtré bon procureur

285 5212 2298 249 Car ſon Pere auoit l’arc tendu

262 5430 2161 231 Pour nous tuer en ſa fureur:

271 5621 2236 272 Chriſt fut de paix mediateur,

271 5839 2054 259 Comme l’Eſcriture recole,

267 6057 2392 263 Souffrant pour nous, ô viateur!

289 6276 2512 249 Dont il m’eſt auis que ie vole.

418 6485 2383 267 Pour nous ſon ſang a reſpandu

271 6690 2641 298 En la croix comme vn malfaiteur:
