4267 7638
2993 483 310 297 395

630 420 1579 299 CANTIQVES.

246 670 2101 276 A ſauueté auons eſté reduits!

326 882 3002 314 O forte mort, qui nous donne victoire

233 1077 2539 289 Contre Satan, ſes efforts & aſſauts!

229 1285 2713 280 O noble mort, & digne de memoire,

229 1485 3052 292 Qui nous mets hors des tormẽs infernaux.

309 1676 2849 314 O ſaincte mort, laquelle nous deliure,

212 1888 2462 297 De celle mort, qui eſt damnation!

212 2087 2874 314 O digne mort, laquelle nous fait viure

216 2272 2178 293 A tout iamais en benediction!

263 2482 2972 335 O Dieu de paix, de grace & de cõcorde,

199 2698 2535 306 Pere benin, Pere des grans bontez,

203 2889 2594 293 Que dirons-nous de ta miſericorde,

195 3089 2997 314 Par laquelle as nos grans maux ſurmõtez?

246 3309 2925 310 Qu’auiõs-nous fait pour meriter la gra¬

314 3534 259 153 ce

199 3691 2556 314 Que tu nous fais? qui t’a peu inciter,

182 3899 2484 297 A enuoyer ton Fils en terre baſſe,

174 4099 2543 292 Pour nous venir de ſi haut viſiter

250 4290 2904 352 Quels eſtions-nous?helas, nous enfans

339 4497 552 259 (d’ire,

159 4671 2802 370 Enfans maudits, & en peché conceus,

165 4909 2824 318 Tes ennemis plus qu’on ne ſauroit dire,

165 5113 2849 326 Quand par ton Fils à toy nous as receus.

208 5329 2925 310 Lequel de nous eut iamais la ſcience,

157 5512 2560 314 Ou le vouloir, de t’aller requerir?

152 5711 2854 335 Mais par ta grace, & ta ſeule clemence,

133 5900 2592 344 Ton Fils leſus nous eſt venu querir.

174 6106 2929 424 O le beau Nom, à qui le veut entendre,
