4267 7830
856 626 261 222 26

1718 669 1652 227 CHANSONS

840 878 3292 309 Le droit chemin pour ſuyure vie hõneſte.

849 1109 3126 278 Helas mon Dieu ta volonté ſoit faite.

1006 1337 2071 261 Nous auions vn ennemy

810 1526 2228 261 Dreſſant ſur nous ſa creſte:

822 1748 2639 266 Mais Dieu s’eſt fait noſtre amy,

801 1970 2059 248 En luy rompant la teſte.

796 2157 3296 318 A ſeruir Dieu, que tout Chreſtiẽ s’apreſte

801 2383 1802 248 Helas mon Dieu, &c.

984 2592 1911 274 Il eſt doux & gracieux,

788 2810 2042 265 Amiable à tout homme,

757 3005 2351 283 En ſon Fils le Roy des cieux,

779 3227 2268 279 Qui Ieſus Chriſt ſe nomme.

744 3423 3305 357 Dont l’aimerons de vray amour parfaite.

757 3662 1855 257 Helas mon Dieu, &c.

940 3875 1816 274 Il eſt deſcendu ca bas

712 4071 1875 274 En ce val de miſere:

714 4293 1824 274 Encor ne ſuffit-il pas,

718 4524 1894 256 Il s’eſt fait noſtre frere,

714 4719 2960 331 Pour nous loger au royaume celeſte.

735 4932 1968 279 Helas mon Dieu, &c.

923 5146 2381 282 Tel eſt bien ſon bon vouloir,

722 5372 2151 287 Que nous ſoyons capables

696 5594 1881 261 Pour ſa grace receuoir:

705 5798 2199 261 Mais nous tant miſerables,

701 5998 2851 322 Ne cognoiſſons ſa grace manifeſte,

705 6218 1830 280 Helas mon Dieu, &c.

888 6451 2312 274 Nous allions à damnement,

705 6659 1955 314 Tous poures miſerables:

3574 6912 423 256 Mais
