4267 8012
3082 636 276 240 123

708 605 1715 200 SPIRITVELLES.

218 841 2454 267 Ha, dit l’eſprit, faut-il languir ici?

222 1077 3158 249 Va, dit le corps, mieux que toy ie ſouhaite,

222 1281 2570 245 Va, dit l’eſprit, tu faux, & moy auſſi:

209 1495 2940 254 Du Seigneur Dieu la volonté ſoit faite.

984 1722 1104 218 Autre chanſon.

289 1922 2958 250 Le corps vaincu par l’eſprit bien apris,

222 2132 2811 240 Mourir ſoudain deſire inceſſamment:

227 2350 2654 253 Mais par l’eſprit ſagement eſt repris.

218 2559 3158 258 Ha, dit le corps, vien mort ſoudainement.

200 2773 2641 244 Non, dit l’eſprit, endure ce torment.

227 2977 2922 241 Va, dit le corps, meilleure eſt la defaite.

231 3191 2744 263 Va, dit l’eſprit, il faut qu’entierement

218 3400 2975 272 Du Seigneur Dieu la volonté ſoit faite.

975 3645 1149 231 Autre chanſon.

293 3832 3096 254 Soulas ie veux te donner en tous lieux,

218 4041 2062 240 Ne te laiſſant en tribulation:

213 4255 3100 280 La grand’ douleur qu’as eu deuãt les yeux

218 4473 2396 262 Me fait auoir de toy compaſſion:

213 4678 2036 262 Par la vertu d’amere paſſion

227 4896 3069 271 Qu'as ſouſtenu, mon fils, ie te pardonne:

218 5118 2596 263 A toy ie ſuis, à toy ie m’abandonne:

204 5327 2530 268 Oſte la peur de ton ame eſtonnee,

222 5554 2606 245 O poure ſerf, ma grace ie te donne,

213 5768 2820 258 Pour te monſtrer mon ire deſtournee.

881 6000 1145 218 Autre chanſon.

365 6164 3060 303 O Seigneur Dieu, ta Loy treſiuſte &

365 6378 494 227 ſaincte

240 6596 3185 321 Donne à mon cœur tant de reſiouiſſance,
