4267 7737
688 498 1763 215 SPIRITVELLES.

213 1985 204 445 V

2972 494 297 223 257

176 726 3123 279 Que Dieu requiert, & nõ point la deſtorſe

167 958 2813 236 Du grand chemin, qui cauſe le diuoree

167 1173 3106 241 De l’homme & luy, pour croire, à ce mo¬

266 1409 503 215 queur.

296 1577 2840 245 Chanſon ſur le chant, Viure ne puis

619 1818 1940 232 content ſans ſa preſence, &c.

406 1985 2879 258 Iure ne puis content, ſans la preſence

374 2179 2937 296 De Ieſus Chriſt, lequelie vien à voir

172 2432 2580 232 Par ſes Eſcrits, qui me font receuoir

172 2652 2783 223 Contentement, & viure en eſperance,

167 2832 3089 284 C'eſt vn grand heur d’auoir ſa cognoiſ¬

236 3056 443 206 ſance

180 3266 2766 254 Car luy ſeul eſt plein de Diuin ſçauoir:

163 3498 2813 228 Et en monſtrant ſon ſupreme pouuoir,

167 3705 2856 223 laterre emplit de biens en abondance,

167 3928 2486 211 le prie à tous d’auoir en reuerence

167 4117 2723 224 Son treshaut Nom, & le ramenteuoir,

167 4328 2560 245 le merciant de ce qu’il vient auoir

167 4530 2921 254 Pitié de nous, ſans punir noſtre offenſe.

197 4951 2994 258 Chanſon ſur le chant, Las voulez-vous

671 5213 1995 224 qu'vne perſonne chante, &c.

374 5589 2885 271 As! voulez-vous qu’vne perſonne

438 5815 581 226 chante

163 6000 2688 249 Folles chanſons, dont ſe deuſt retirer?

159 6223 2546 250 Faites chanter la muſique plaiſante,

159 6443 2710 258 Dont Dieu iadis vint Dauid inſpirer,

187 5557 161 464 l

2252 6653 459 245 F. iii.
