4267 8012
3166 551 290 276 119

708 543 1799 227 SPIRITVELLES.

247 3097 393 508 H

213 783 2352 285 Sans eſtre eſpris d’aucun effroy.

347 1005 2309 254 Mon Dieu, ie ſuis ſerf inutile,

227 1219 2182 227 Si ſuis-ie toutesfois des tiens:

231 1433 2094 245 Ma nature eſt de ſoy labile,

236 1646 2427 245 Mais forte, quand tu la ſouſtiens:

240 1860 2949 249 Souſtien la donc, mon Dieu, mon Pere,

244 2087 2575 236 Souſtien la donc: car i’ay tel cœur,

236 2301 2124 245 Que ſouſtenu de toy, i’eſpere

249 2514 2156 236 Eſtre de Satan le vainqueur.

939 2719 1319 209 Autre chanſon,

351 2919 3163 267 Le Fidele affligé, demande eſtre ſecouru de Dieu.

580 3131 2932 254 Elas, mon Dieu, ton ire s’eſt tournee

580 3338 2932 300 Vers moy tõ ſerf, & me pourſuit ſans

383 3578 400 227 ceſſe

267 3778 3269 263 La peur que i’ay, fait que l’ame eſtonnee,

262 3997 3274 244 Donne à mon cœur vne extreme deſtreſſe

262 4215 2860 231 Le ſens me faut, & vertu me delaiſſe,

276 4424 3260 245 Touſiours eſtant douleur deuãt mes yeux

262 4646 2873 241 Ie te reclame & appelle en tous lieux,

271 4860 3127 236 Pour mettre fin à l’ennuy qui me poind:

276 5078 3086 232 Si tu ne veux (helas) m’enuoyer mieux,

276 5292 3287 262 Au moins mon Dieu, ne m’abandonne

409 5523 481 250 point.

1068 5728 1208 232 Autre chanſon.

447 5908 2224 287 E recognoy, ie crain, i’eſpere,

434 6122 3185 287 Mon peché, la peine, pardon: bis

311 6351 2187 249 Car la Loy iuſtement ſeuere

280 6536 3339 354 Promet à tel fait tel guerdon. bis

280 5862 147 494 I

2347 6779 543 284 h .iiii.
