4267 7877
844 595 293 192 42

1759 577 1628 210 CHANSONS

827 805 2713 245 Mais tant ſeulement pour la paix,

844 1019 2762 232 Vous aimans d’amour fraternelle:

835 1225 2705 249 Tous d’vn accord & par bon zele

814 1444 2341 227 Faites chaſſer toutes erreurs,

805 1654 2262 236 Suyuans la parole eternelle

800 1859 2902 250 De Dieu, l’ayant dedans vos cœurs:

1002 2074 2512 249 O Eternel, Dieu tout puiſſant,

792 2288 2529 245 Regarde noſtre grand’ miſere.

787 2511 2337 237 Et voy qu’icy en languiſſant

779 2713 2564 236 Nous viuons en triſteſſe amere:

774 2931 2433 232 La guerre touſiours perſeuere

779 3142 2809 231 Que nous font les faux ſeducteurs:

761 3343 2670 262 Mais ſi nous veux eſtre proſpere,

765 3562 2517 240 Facilement ſerons vainqueurs.

927 3772 1948 236 O bon Ieſus, aye merci

743 3969 2167 258 De ton Egliſe catholique,

752 4192 2206 232 Conuertiſſant ton ennemi

757 4406 3124 280 Qui tous les iours nous poinct & picque.

735 4625 2205 245 Si tu accables ſa praticque,

757 4822 1947 249 Ton Egliſe triomphera:

735 5036 1960 254 La doctrine diabolique

730 5264 2232 241 Facilement ſe congnoiſtra.

892 5474 2390 258 O Seigneur, à toy appartient

713 5688 2713 259 Nous donner vouloir & parfaire:

713 5885 2897 280 Puis que de nous nul bien ne vient,

708 6104 2548 267 Et ne pouuons que peché faire:

726 6332 2429 245 Or puis que tu es noſtre pere,

708 6511 2464 324 Et ton ſeul Fls nous eſt donné,

3711 6839 188 197 Fay
