4267 8022
793 503 312 227 134

1863 499 1396 249 CHANSONS

789 721 1997 281 De meſprifer le monde,

789 944 1837 250 Et des plaiſirs le banc,

789 1145 2300 298 Laiſant le diable immonde,

789 1377 2211 267 Suyuant de Chriſt le rang.

1194 1591 2689 285 Chanſon ſur le chant, Quand me

1277 1998 2622 301 Vand me ſouuient de l’Euangile

1703 1827 1609 249 ſouui ent de la poulaille

1250 2212 2914 341 Que ſouloy, preſcher ſur les champo,

780 2437 2461 268 Eſtant chaſſé de ville en ville,

780 2651 2448 263 Et deſpriſé de gens meſchans,

793 2874 2974 294 Tant de bourgeois que de marchans,

775 3079 2314 263 Ie m’eſiouis en Ieſus Chriſt.

771 3306 2751 268 Au nom duquel ie fay mes chants

775 3507 2359 272 Par la vertu du ſainct Eſprit.

963 3716 2626 286 Maintenant ſuis en priſon vile.

757 3939 2480 263 Iambes & pieds en fers peſans:

762 4144 2702 290 Mais i’ay l’eſprit prompt & agile,

780 4363 2720 285 Quoy qu’en diſent les meſdiſans:

757 4576 2306 263 I’en ſortiray deuant dix ans,

755 4759 2876 321 (S’il plaiſt à Dieu, qui tout nourrit)

771 4995 2483 281 Maugré tous les contrediſans,

762 5218 2323 272 Par la vertu du ſainct Eſprit.

963 5401 2668 328 Le ſang humain eſt mout fertile

784 5624 2261 258 Par Iefus Chriſt fructifiant:

789 5856 2291 258 Parquoy ma mort ſera vtile,

793 6056 2301 285 Le nom de Dieu glorifiant,

802 6266 2194 271 Et mon prochain edifiant,

802 6502 2448 325 En me voyant par foy contrir

815 2005 402 501 Q

3571 6745 395 260 Ie ſuis
