4267 7925
3249 598 203 216 41

783 598 1775 203 SPIRITVELLES.

202 840 2770 260 Que par toy ſeul i’ay eu redemption,

180 1052 2523 255 Sans prendre eſgard à l’imitation

176 1263 3285 251 De ceux qui n’ont en toy ſeul leur fiance,

180 1496 1220 238 Ny eſperance.

317 1695 2624 233 Tu es chemin, verité, vie, & porte,

180 1919 1405 220 Ou me tranſporte:

184 2082 3277 291 D’autre feneſtre & d’autre huys ne vueil

2849 1884 616 277 (point

171 2311 2770 247 De mõ ſalut es le ſeul but & poinct,

180 2540 2950 264 Maugré Satan qui autre bruit apporte,

193 2760 1062 194 Et ſa cohorte.

189 2941 2686 264 Regarde, ô Dieu, à ma ieuneſſe folle

206 3174 1445 255 Qui trop m’affolle,

189 3390 2893 237 Et me conferme en tes propos & dits:

198 3597 2540 233 Si qu’a la fin puiſſe auoir Paradis,

198 3812 2681 242 Et que d’ici au ciel mon ame vole,

189 4015 1026 224 Et ſe conſole.

378 4235 2964 260 Chanſon ſur le chant, Les Bourguignons

1193 4482 1171 215 ont mis le camp.

488 4642 2504 291 Oit louange à Dieu tout-puiſſant

462 4873 2279 258 Qui nous à voulu faire grace,

233 5094 2360 228 De voir en ce temps floriſſant,

228 5287 2669 264 Ceſt Antechriſt qui trop embraſſe,

215 5503 2008 242 Par ſon erreur & ſa fallace

220 5719 1849 246 En quoy Satan l’a incité:

224 5926 2576 255 Ne vueillez donc ſuyure ſa trace.

246 6137 2013 238 Son abus eſt manifeſté.

365 6366 2325 229 Princes, conuenez deſormais,

251 6560 2510 356 Non pas pour la guerre mortelle,

231 4642 191 476 S
