4267 7656
940 514 378 217 244

2050 480 1323 217 CHANSONS

910 748 2412 238 Et ne ſeray reietté nullement:

914 961 2851 251 Raiſon pourquoy? Il a fait payement

923 1169 2867 251 De nos pechez par ſa mort doloreuſe,

918 1378 3059 259 Si qu’auiourd’huy nous pouuons hardi¬

1114 1637 570 162 ment

918 1765 2940 289 Attendre en luy la vie bien-heureuſe.

1569 2011 1162 213 Autre chanſon.

1144 2211 2837 264 O doux Seigneur, auquel giſt mon at¬

1306 2437 557 212 tente,

927 2620 2859 255 I’atten de toy tout ſecours & faueur.

931 2841 2753 238 Non ſeulement par la vie preſente,

923 3049 2773 247 Mais à iamais tu ſeras mon ſauueur.

1829 3279 1208 217 Autre chanſon.

1089 3457 2884 256 Contentez-vous de la volonté bonne

940 3662 2901 263 De voſtre Dieu, & de ce qu’il diſpoſe,

940 3874 3037 268 N’aſpirant point à autre plus grãd' choſe:

940 4095 3046 273 Mais ſimplement ſuyuez ce qu’il ordõne.

1395 4508 2272 255 Chanſon ſur le chant, L’heur

1820 4742 1489 251 le plus grand qui, &c.

1305 5146 2685 251 'Heur le plus grand qu’on puiſſe a¬

1296 5371 1412 217 uoir au monde,

965 5567 3021 238 C’eſt, d’eſtre en Dieu appuyé fermement,

952 5793 2966 204 Et puis d’auoir tout ſon contentement

957 5984 3046 247 En Ieſus Chriſt, auquel tout bien abõde.

1676 6192 1735 247 Chanſon ſur le chant,

2037 6405 1281 234 Si mon trauail, etc.

1015 5129 236 472 L

3896 6596 128 262 Si
