4267 7339
1178 444 959 220 TABLE.

226 3008 257 459 R

244 697 3110 275 Quand i’ay penſé en vous. 262

263 862 3055 287 Quand me ſouuient de l’Euangile. 134

281 1068 3027 289 Quand quelque ennuy, quelque deſtr. 118

244 1253 3098 324 Quelle fureur enflambe vos. 397

269 1437 3000 336 Que ne faites-vous diligence. 225

257 1663 3079 312 Que n’eſt-on content de. 165

257 1853 3024 336 Qui eſt celuy qui trouuera. 341

257 2054 3054 318 Qui la dira la douleur de. 102

244 2256 3055 318 Qui la voudra la Meſſe ſi. 260

257 2458 3085 318 Qui nous confortera. 180

238 2648 3073 354 Qui veut auoir lieſſe: 110

930 2870 183 204 R

538 3033 2718 349 Endre te faut eſprit malin. 31

538 3241 2682 361 Reſueillez-vous gentils paſteurs. 55

220 3443 2975 330 Retirez-vous Papiſtes. 189

220 3620 3006 398 Roy eternel dont la force domine. 351

783 3859 153 220 S

410 3999 2810 392 Eiché de douleur. 345

391 4238 2816 373 Seducteur, mauuais Antechriſt. 219

195 4421 3049 361 Seigneur deliure ton Egliſe. 3

208 4623 2993 361 Seigneur Dieu tu me commandes. 296

195 4825 3037 397 Seigneur venge le meſpris, 50

189 5033 2963 379 Seigneur, Seigneur, Que tu. 72

195 5235 2970 342 Si de bon cœur ne t’aime. 107

183 5430 3000 361 Sl i’auoye faict demande. 87

183 5626 3000 391 Si mon trauail n’auoit 245

183 5822 3024 379 Si vous craignez de Dieu. 165

183 6030 3024 428 Sire, ta terre as benit. 135

220 4036 187 453 S
