4267 7925
819 462 391 264 324

845 686 2594 260 Quelque choſe au monde voir.

1034 933 2576 238 Ne plus ne moins qu’vne poutre

827 1140 2620 189 Sont ces dieux dont on fait cas.

827 1356 2612 224 Les vers les rongent tout outre,

814 1536 1885 242 Et ſi ne le ſentent pas.

1039 1756 1999 247 La grand’ richeſſe ſemee

819 1972 2069 233 Sur eux & leur face auſſi

827 2192 1784 242 Se gaſte par la fumee

801 2399 2391 255 Qui tout leur corps a noircy.

1034 2637 2114 202 Les arondes & chouettes

810 2835 2391 233 Courent & viennent cercher

819 3064 1950 202 De ces images muettes

805 3271 2198 224 Les teſtes pour s’y nicher.

1012 3460 2475 242 Mille autres oiſeaux auan ent

823 3671 2470 247 Tout à l’entour d’eux leur vol,

797 3887 2681 256 Et les chats meſmement danſent

801 4103 2277 255 Et rampent deſſus leur col,

1008 4327 2004 225 Ainſi eſt-il tout notoire

819 4526 2598 259 Qu’ils ne ſauroyent eſtre dieux:

783 4746 2664 255 En eux donc ne vueilliez croire,

792 4961 2677 256 N’y quelque crainte auoir d’eux.

986 5177 2686 260 Leur couleur vermeille & braue,

783 5375 1933 238 Fleſtriſſante s’enlaidit,

779 5591 2343 264 Si leur rouilleure on ne laue,

775 5820 2250 247 Rien ſur eux ne reſplendit.

933 6031 2816 278 Quand ces dieux on faiſoit fondre,

779 6247 2158 264 Et que fondus ils eſtoyent,

783 6463 2638 326 Ils ne pouuoyent rien reſpondre,

1818 462 1506 224 CANTIOVES.

3758 6709 178 238 Et
