4267 8012
3068 551 312 272 217

761 534 1795 222 SPIRITVELLES.

287 2296 147 481 P

369 787 2722 254 C'eſt vn reſſort que ferez par concile

293 1028 2677 231 Non general, mais ſecret en vos ſales,

280 1246 2935 245 N'y meſlez rien contraire aux decretales,

289 1459 2450 214 Ou autrement ne vous ſeroit facile.

423 1775 2654 272 Chanſon ſur le chant, Dames d’Or¬

926 2029 1461 241 leans ne plourez plus.

480 2316 2244 234 Oures aueugles retournez vous

480 2537 2231 273 A Ieſus qui eſt mort pour nous.

276 2764 2049 240 O poure aueugle debonnaire

285 2959 1832 245 Qui as deſir à Ieſus plaire,

280 3191 1853 249 Ton ignorance a trop duré,

276 3400 1902 249 Trop tu as d’erreurs enduré.

552 3627 1577 245 Poures aueugles, &c.

338 3810 2312 276 Laiſſez meſchans crier & braire:

267 4059 2262 249 Car il eſt temps de vous retraire:

258 4237 2156 298 Puis que Ieſus vous eſt preſché,

253 4464 1978 285 N'excuſez plus voſtre peché.

543 4709 1612 258 Poures aueugles, &c.

311 4896 2071 280 Laiſſez donc toute idolatrie,

258 5114 1960 285 Venez à Ieſus qui vous prie:

244 5327 2236 290 Luy ſeul deſcharge les pecheurs,

253 5554 2259 290 Les appellant par ſes preſcheurs.

516 5795 1572 245 Poures aueugles, &c.

298 5968 2579 308 Laiſſez-moy ce vain dieu de paſte,

253 6209 2410 298 Qui vos biens, corps & ames gaſte,

227 6409 2013 307 Ne vueillez donc plus adorer,

213 6623 1893 414 Le dieu que voyez deuorer.
