4267 7656
1050 472 298 221 256

2037 450 1353 230 CHANSONS

1047 1110 403 459 A

1408 701 2514 238 Chanſon ſur le chant, Aupres de

1667 939 1927 205 vos ſecretement demeure, etc.

1488 1110 2657 255 Vpres de Dieu maintenãt ie demeure

1488 1327 2644 255 Par ſon eſprit que tonſiours me con¬

1399 1552 481 196 forte

1029 1743 3038 251 Plus ne langui, car luy ſeul me ſupporte,

1029 1960 3076 243 Dont chanteray ſa louange à toute heure,

1025 2173 3088 234 Point n’ya a lieu qui me cõtriſte ou pleure

1021 2373 3080 234 Pour la douleur & mort tant aigre & forte

1021 2581 2931 247 De Ieſus Chriſt: car elle ne m’apporte

1029 2794 3063 255 Qu’allegemẽt, ſans craindre que ie meure.

1012 3002 2642 230 Par ſon trepas i’ay la vie treſſeure:

1012 3207 2433 246 Il eſt au ciel, & ie ſuis à la porte

1016 3406 2889 260 Auec la foy, par laquelle il m’exhorte,

1016 3628 3063 246 D’entrer dedans, faire auec luy demeure.

1212 3823 2808 230 Chanſon ſur le chant, Content deſir,

1646 4053 1710 217 qui cauſe ma douleur, etc.

1405 4236 2708 236 Ontẽt deſir, qui cauſe mon bon heur,

1405 4427 2670 262 C’eſt Ieſus Chriſt, qui tous mes ſens

1284 4695 809 183 renforce.

1004 4874 2914 242 O fiere mort, ie ne crain plus ta force:

999 5086 3080 239 Car i’ay ſecours de Dieu mô vray Sauueur

982 5295 2910 247 Le Pape n’eſt ſinon qu’on fol reſueur,

986 5499 2621 251 Conſideré que de cacher s’efforce

982 5707 3055 260 L’arbre dedans, voulant que par l’eſcorce

986 5916 3115 272 On ſerue à Dieu, qui n’y prent point

1250 6158 630 200 ſaueur.

990 6309 3015 332 C’eſt le dedans c’eſt l’eſprit, ceſt le cœur

1079 4242 307 460 C

3839 6571 261 268 Que
