<?xml version="1.0" encoding="UTF-8"?>
<alto xmlns:xsi="http://www.w3.org/2001/XMLSchema-instance"
      xmlns="http://www.loc.gov/standards/alto/ns-v4#"
      xsi:schemaLocation="http://www.loc.gov/standards/alto/ns-v4# http://www.loc.gov/standards/alto/v4/alto-4-2.xsd">
  <Description>
    <MeasurementUnit>pixel</MeasurementUnit>
    <sourceImageInformation>
      <fileName>CRRS02_Chansons_spirituelles.pdf_page_306.png</fileName>
      <fileIdentifier>pdf//CRRS02_Chansons_spirituelles.pdf</fileIdentifier>
    </sourceImageInformation>
  </Description>
  <Tags>
    <OtherTag ID="BT7" LABEL="CustomZone" DESCRIPTION="block type CustomZone"/><OtherTag ID="BT8" LABEL="DamageZone" DESCRIPTION="block type DamageZone"/><OtherTag ID="BT9" LABEL="DigitizationArtefactZone" DESCRIPTION="block type DigitizationArtefactZone"/><OtherTag ID="BT10" LABEL="DropCapitalZone" DESCRIPTION="block type DropCapitalZone"/><OtherTag ID="BT11" LABEL="GraphicZone" DESCRIPTION="block type GraphicZone"/><OtherTag ID="BT12" LABEL="MainZone" DESCRIPTION="block type MainZone"/><OtherTag ID="BT13" LABEL="MarginTextZone" DESCRIPTION="block type MarginTextZone"/><OtherTag ID="BT14" LABEL="MusicZone" DESCRIPTION="block type MusicZone"/><OtherTag ID="BT15" LABEL="NumberingZone" DESCRIPTION="block type NumberingZone"/><OtherTag ID="BT17" LABEL="QuireMarksZone" DESCRIPTION="block type QuireMarksZone"/><OtherTag ID="BT18" LABEL="RunningTitleZone" DESCRIPTION="block type RunningTitleZone"/><OtherTag ID="BT19" LABEL="SealZone" DESCRIPTION="block type SealZone"/><OtherTag ID="BT20" LABEL="StampZone" DESCRIPTION="block type StampZone"/><OtherTag ID="BT21" LABEL="TableZone" DESCRIPTION="block type TableZone"/><OtherTag ID="BT22" LABEL="TitlePageZone" DESCRIPTION="block type TitlePageZone"/>
    <OtherTag ID="LT7" LABEL="CustomLine" DESCRIPTION="line type CustomLine"/><OtherTag ID="LT8" LABEL="DefaultLine" DESCRIPTION="line type DefaultLine"/><OtherTag ID="LT9" LABEL="DropCapitalLine" DESCRIPTION="line type DropCapitalLine"/><OtherTag ID="LT10" LABEL="HeadingLine" DESCRIPTION="line type HeadingLine"/><OtherTag ID="LT11" LABEL="InterlinearLine" DESCRIPTION="line type InterlinearLine"/><OtherTag ID="LT12" LABEL="MusicLine" DESCRIPTION="line type MusicLine"/><OtherTag ID="LT1330" LABEL="default" DESCRIPTION="line type default"/>
  </Tags>
  <Layout>
    <Page WIDTH="4267"
          HEIGHT="7331"
          PHYSICAL_IMG_NR="305"
          ID="eSc_dummypage_">
      <PrintSpace HPOS="0"
                  VPOS="0"
                  WIDTH="4267"
                  HEIGHT="7331">
        <TextBlock HPOS="862"
                   VPOS="308"
                   WIDTH="480"
                   HEIGHT="236"
                   ID="eSc_textblock_9bf6bf85"
                   TAGREFS="BT15">
          <Shape><Polygon POINTS="862 308 862 544 1342 544 1342 308"/></Shape>
          <TextLine ID="eSc_line_7d26b3c2"
                    TAGREFS="LT8"
                    BASELINE="921 443 1316 443" 
                    HPOS="921"
                    VPOS="301"
                    WIDTH="395"
                    HEIGHT="248">
            <Shape><Polygon POINTS="921 443 921 505 1161 549 1165 549 1169 549 1316 500 1316 443 1316 329 1247 309 1243 309 1238 309 1234 309 1177 329 1132 301 1128 301 1124 301 1120 301 921 325 921 443"/></Shape>
            <String CONTENT="294"
                    HPOS="921"
                    VPOS="301"
                    WIDTH="395"
                    HEIGHT="248"
                    WC="0.9998660683631897"></String>
          </TextLine>
        </TextBlock>
        <TextBlock HPOS="1732"
                   VPOS="290"
                   WIDTH="1549"
                   HEIGHT="217"
                   ID="eSc_textblock_49cf8a26"
                   TAGREFS="BT18">
          <Shape><Polygon POINTS="1732 290 1732 507 3281 507 3281 290"/></Shape>
          <TextLine ID="eSc_line_58ac9f5c"
                    TAGREFS="LT10"
                    BASELINE="1817 427 3248 419" 
                    HPOS="1813"
                    VPOS="276"
                    WIDTH="1435"
                    HEIGHT="224">
            <Shape><Polygon POINTS="3117 289 3076 289 3072 289 3036 301 3007 289 2995 289 2954 289 2913 289 2873 285 2832 285 2791 285 2750 285 2710 285 2669 285 2649 301 2604 285 2587 285 2551 285 2518 301 2396 281 2384 281 2359 281 2339 301 2298 281 2265 281 2245 301 2127 281 2123 281 1984 305 1927 276 1923 276 1919 276 1915 276 1813 309 1817 427 1817 456 2217 488 2221 488 2225 488 2298 456 2359 476 2363 476 2367 476 2498 456 2632 496 2636 496 2640 500 2913 500 2913 496 2918 496 2922 496 2958 468 3048 492 3052 492 3056 492 3244 448 3248 419 3239 305 3174 305 3158 289 3117 289"/></Shape>
            <String CONTENT="CANTIQVES."
                    HPOS="1813"
                    VPOS="276"
                    WIDTH="1435"
                    HEIGHT="224"
                    WC="0.9682033836841584"></String>
          </TextLine>
        </TextBlock>
        <TextBlock HPOS="763"
                   VPOS="517"
                   WIDTH="3279"
                   HEIGHT="5761"
                   ID="eSc_textblock_9c759592"
                   TAGREFS="BT12">
          <Shape><Polygon POINTS="763 553 844 6278 3997 6124 4042 517"/></Shape>
          <TextLine ID="eSc_line_99bf3f18"
                    TAGREFS="LT8"
                    BASELINE="929 708 1760 684 3439 684" 
                    HPOS="925"
                    VPOS="533"
                    WIDTH="2514"
                    HEIGHT="204">
            <Shape><Polygon POINTS="3415 570 3272 570 3227 533 3223 533 3219 533 3064 533 3060 533 3056 533 3052 533 3052 537 3011 574 2954 553 2950 553 2946 553 2942 553 2889 570 2856 541 2856 537 2852 537 2848 537 2844 537 2840 537 2746 574 2612 553 2608 553 2298 562 2274 541 2270 541 2265 541 2261 541 2257 541 2253 541 2192 578 2078 549 2074 549 2070 549 2066 549 2009 578 1752 578 1654 545 1650 545 1646 545 1642 545 1638 545 1593 582 925 545 929 708 929 737 3439 724 3439 684 3435 602 3415 570"/></Shape>
            <String CONTENT="En vn moment a toutes abaiſſees."
                    HPOS="925"
                    VPOS="533"
                    WIDTH="2514"
                    HEIGHT="204"
                    WC="0.9938132725656033"></String>
          </TextLine>
          <TextLine ID="eSc_line_46310ca2"
                    TAGREFS="LT8"
                    BASELINE="1079 891 3549 879" 
                    HPOS="1075"
                    VPOS="729"
                    WIDTH="2474"
                    HEIGHT="232">
            <Shape><Polygon POINTS="3537 773 3333 773 3248 729 3244 729 3239 729 3028 765 2926 729 2922 729 2918 729 2913 729 2909 729 2856 769 2591 733 2587 733 2583 733 2579 733 2539 761 2441 745 2437 745 2433 745 2323 773 2278 737 2278 733 2274 733 2270 733 2127 733 2123 733 2119 733 2025 773 1927 733 1923 733 1919 733 1915 733 1911 733 1911 737 1862 777 1662 757 1658 757 1544 777 1499 741 1499 737 1495 737 1491 737 1344 737 1340 737 1336 737 1263 777 1214 741 1210 741 1206 741 1202 741 1198 741 1075 781 1079 891 1079 961 1332 957 1336 957 1393 928 1499 948 1503 948 1507 948 1511 948 1540 924 1679 957 1683 957 1968 920 2029 940 2033 940 2037 940 2041 940 2045 940 2082 920 2318 920 2347 944 2351 944 2355 944 2359 944 2363 944 2461 920 2559 944 2563 944 2567 944 2889 916 2991 948 2995 948 2999 948 3162 916 3264 944 3268 944 3272 944 3276 944 3329 916 3439 948 3443 948 3447 948 3545 924 3549 879 3541 773 3537 773"/></Shape>
            <String CONTENT="Qui les tyrans à bien ſeu abyſmer,"
                    HPOS="1075"
                    VPOS="729"
                    WIDTH="2474"
                    HEIGHT="232"
                    WC="0.9804218581744603"></String>
          </TextLine>
          <TextLine ID="eSc_line_0e130669"
                    TAGREFS="LT8"
                    BASELINE="929 1099 3671 1071" 
                    HPOS="925"
                    VPOS="932"
                    WIDTH="2746"
                    HEIGHT="220">
            <Shape><Polygon POINTS="3655 965 3244 969 3182 932 3178 932 3174 932 3076 932 3072 932 3068 932 2983 961 2885 932 2881 932 2877 932 2873 932 2746 977 2563 977 2490 936 2486 936 2481 936 2477 936 2380 965 2327 944 2323 944 2318 944 1980 981 1919 944 1915 944 1911 944 1907 944 1683 989 1569 989 1471 948 1467 948 1463 948 1267 989 1194 965 1190 965 1185 965 1181 965 1132 985 1051 953 1047 953 1043 953 925 961 929 1099 929 1144 1194 1128 1247 1152 1251 1152 1255 1152 1259 1152 1353 1124 1919 1144 1923 1144 2151 1115 2661 1136 2665 1136 2669 1136 2722 1111 2820 1136 2824 1136 2828 1136 3280 1111 3606 1128 3610 1128 3614 1128 3671 1103 3671 1071 3659 973 3655 965"/></Shape>
            <String CONTENT="Auec leurs chars en la profonde mer:"
                    HPOS="925"
                    VPOS="932"
                    WIDTH="2746"
                    HEIGHT="220"
                    WC="0.9825271287479916"></String>
          </TextLine>
          <TextLine ID="eSc_line_49371b2b"
                    TAGREFS="LT8"
                    BASELINE="933 1291 3537 1282 3953 1299" 
                    HPOS="929"
                    VPOS="1132"
                    WIDTH="3024"
                    HEIGHT="244">
            <Shape><Polygon POINTS="3904 1193 3863 1168 3822 1140 3720 1164 3676 1132 3671 1132 3667 1132 3663 1132 3659 1132 3570 1164 3427 1132 3423 1132 3032 1164 2938 1132 2934 1132 2930 1132 2787 1136 2783 1136 2673 1172 2367 1152 2363 1152 2359 1152 2314 1177 1854 1177 1797 1136 1793 1136 1789 1136 1785 1136 1528 1177 1247 1177 1185 1136 1181 1136 1177 1136 1173 1136 929 1148 933 1291 933 1376 1381 1348 1385 1348 1446 1315 1560 1352 1564 1352 1569 1352 1703 1323 1797 1352 1801 1352 1805 1352 1809 1352 1813 1352 1870 1315 2058 1364 2062 1364 2066 1364 2070 1364 2135 1339 2208 1360 2212 1360 2217 1360 2221 1360 2363 1315 2649 1315 2852 1348 2856 1348 2860 1348 2946 1311 3056 1344 3060 1344 3064 1344 3068 1344 3134 1327 3207 1360 3211 1360 3215 1360 3219 1360 3223 1360 3268 1319 3378 1311 3508 1352 3513 1352 3517 1352 3521 1352 3594 1327 3757 1368 3761 1368 3765 1372 3953 1372 3953 1299 3920 1205 3904 1193"/></Shape>
            <String CONTENT="Cõme caillous, morts en fons trebucher◊"
                    HPOS="929"
                    VPOS="1132"
                    WIDTH="3024"
                    HEIGHT="244"
                    WC="0.9644936759297441"></String>
          </TextLine>
          <TextLine ID="eSc_line_5a8bb089"
                    TAGREFS="LT8"
                    BASELINE="929 1498 1935 1482 3492 1482 3940 1498" 
                    HPOS="925"
                    VPOS="1348"
                    WIDTH="3015"
                    HEIGHT="224">
            <Shape><Polygon POINTS="929 1498 929 1555 1198 1535 1238 1568 1243 1568 1247 1568 1251 1572 1373 1572 1373 1568 1377 1568 1446 1535 1560 1568 1564 1568 1569 1568 1573 1568 1577 1568 1613 1539 2147 1535 2551 1568 2555 1568 2824 1563 2828 1563 2913 1531 2979 1551 2983 1551 2987 1551 2991 1551 3076 1531 3936 1551 3940 1498 3936 1384 3566 1356 3561 1356 3557 1356 3521 1372 3492 1348 3488 1348 3484 1348 3480 1348 3476 1348 3370 1380 3252 1380 3195 1348 3191 1348 3187 1348 2596 1372 2534 1348 2530 1348 2526 1348 2522 1348 2518 1348 2461 1384 2115 1384 2041 1348 2037 1348 1907 1348 1903 1348 1899 1348 1895 1348 1850 1388 1772 1388 1585 1348 1581 1348 1577 1348 1573 1348 1524 1380 1365 1380 1332 1360 1328 1360 1324 1360 1320 1360 1316 1360 1247 1384 1141 1348 1137 1348 1132 1348 925 1348 929 1498"/></Shape>
            <String CONTENT="Des goufres d’eaux, qui point ne nous tou¬"
                    HPOS="925"
                    VPOS="1348"
                    WIDTH="3015"
                    HEIGHT="224"
                    WC="0.9928927747976213"></String>
          </TextLine>
          <TextLine ID="eSc_line_01235d5b"
                    TAGREFS="LT8"
                    BASELINE="1300 1694 1992 1686" 
                    HPOS="1295"
                    VPOS="1539"
                    WIDTH="697"
                    HEIGHT="200">
            <Shape><Polygon POINTS="1300 1694 1300 1718 1919 1739 1923 1739 1927 1739 1992 1710 1992 1686 1984 1592 1854 1568 1850 1568 1846 1568 1842 1568 1821 1584 1776 1547 1772 1547 1768 1547 1764 1547 1760 1547 1756 1547 1703 1580 1516 1580 1479 1543 1479 1539 1475 1539 1471 1539 1369 1539 1365 1539 1361 1539 1357 1539 1295 1588 1300 1694"/></Shape>
            <String CONTENT="cherent."
                    HPOS="1295"
                    VPOS="1539"
                    WIDTH="697"
                    HEIGHT="200"
                    WC="0.9891430214047432"></String>
          </TextLine>
          <TextLine ID="eSc_line_1f95099b"
                    TAGREFS="LT8"
                    BASELINE="1124 1906 2852 1881 3822 1893" 
                    HPOS="1120"
                    VPOS="1718"
                    WIDTH="2702"
                    HEIGHT="241">
            <Shape><Polygon POINTS="1124 1906 1124 1946 1414 1959 1418 1959 1422 1959 1479 1930 1658 1930 1740 1954 1744 1954 1748 1954 1752 1954 1756 1954 1789 1930 1956 1954 1960 1954 1964 1954 2033 1926 2168 1954 2172 1954 2323 1922 2408 1950 2412 1950 2416 1950 2420 1950 2477 1926 2506 1950 2510 1950 2514 1950 2518 1954 2644 1954 2644 1950 2649 1950 2726 1918 2954 1946 2958 1946 2962 1946 2966 1946 3011 1918 3052 1934 3056 1934 3060 1934 3231 1914 3818 1938 3822 1893 3814 1755 3663 1755 3566 1718 3561 1718 3557 1718 3553 1718 3549 1718 3504 1759 3394 1759 3354 1722 3354 1718 3350 1718 3345 1718 3260 1718 3256 1718 3252 1718 3248 1718 3248 1722 3207 1763 3052 1763 2999 1726 2995 1726 2991 1726 2987 1726 2775 1759 2734 1726 2734 1722 2730 1722 2726 1722 2722 1722 2718 1722 2628 1767 2371 1767 2229 1726 2225 1726 2221 1726 1642 1775 1528 1775 1483 1735 1479 1735 1475 1735 1410 1735 1406 1735 1401 1735 1397 1735 1397 1739 1361 1771 1271 1735 1267 1735 1263 1735 1120 1743 1124 1906"/></Shape>
            <String CONTENT="Ta dextre, ô Dieu, ta dextre a fait cecy,"
                    HPOS="1120"
                    VPOS="1718"
                    WIDTH="2702"
                    HEIGHT="241"
                    WC="0.9771368546145303"></String>
          </TextLine>
          <TextLine ID="eSc_line_6d655695"
                    TAGREFS="LT8"
                    BASELINE="929 2109 3390 2085 3794 2109" 
                    HPOS="925"
                    VPOS="1934"
                    WIDTH="2869"
                    HEIGHT="236">
            <Shape><Polygon POINTS="929 2109 937 2158 953 2146 1022 2166 1027 2166 1031 2166 1035 2166 1096 2138 1267 2170 1271 2170 1275 2170 1279 2170 1312 2146 1438 2158 1442 2158 1446 2158 1511 2134 1581 2170 1585 2170 1589 2170 1797 2130 1923 2170 1927 2170 1931 2170 2127 2125 2298 2125 2327 2150 2331 2150 2335 2150 2339 2150 2518 2125 2571 2154 2575 2154 2579 2154 2583 2154 2587 2154 2636 2121 2848 2142 2852 2142 2856 2142 2946 2117 3097 2146 3101 2146 3105 2146 3109 2146 3142 2125 3199 2150 3203 2150 3207 2150 3345 2130 3374 2154 3378 2154 3382 2154 3386 2154 3390 2154 3447 2125 3468 2146 3472 2146 3476 2146 3786 2154 3794 2109 3790 1946 3631 1934 3627 1934 3623 1934 3619 1934 3586 1963 3439 1967 3297 1942 3292 1942 3121 1971 3023 1942 3019 1942 3015 1942 3011 1942 3007 1942 2962 1971 2767 1975 2649 1942 2644 1942 2640 1942 2636 1942 2632 1942 2632 1946 2600 1975 2481 1975 2363 1946 2359 1946 2355 1946 2351 1946 2347 1946 2302 1979 1813 1950 1809 1950 1805 1950 1801 1950 1801 1954 1764 1987 1410 1991 1279 1991 1230 1954 1226 1954 1222 1954 925 1954 929 2109"/></Shape>
            <String CONTENT="L’honneur &amp; prix t’en demeurent auſſi:"
                    HPOS="925"
                    VPOS="1934"
                    WIDTH="2869"
                    HEIGHT="236"
                    WC="0.9948082268238068"></String>
          </TextLine>
          <TextLine ID="eSc_line_2537036e"
                    TAGREFS="LT8"
                    BASELINE="945 2309 3464 2264" 
                    HPOS="941"
                    VPOS="2130"
                    WIDTH="2523"
                    HEIGHT="215">
            <Shape><Polygon POINTS="945 2309 945 2345 3195 2325 3464 2297 3464 2264 3455 2170 3280 2170 3223 2130 3219 2130 3215 2130 3211 2130 3207 2130 3203 2130 3146 2170 2991 2154 2987 2154 2722 2178 2653 2134 2649 2134 2644 2134 2640 2134 2416 2138 2412 2138 2294 2187 2188 2187 2090 2142 2086 2142 2082 2142 1842 2195 1711 2158 1707 2158 1703 2158 1699 2158 1593 2195 1295 2199 1210 2174 1206 2174 1202 2174 1137 2187 1108 2162 1104 2162 1100 2162 1096 2162 941 2162 945 2309"/></Shape>
            <String CONTENT="Ton ennemi eſt tombé en arriere"
                    HPOS="941"
                    VPOS="2130"
                    WIDTH="2523"
                    HEIGHT="215"
                    WC="0.9944690899415449"></String>
          </TextLine>
          <TextLine ID="eSc_line_b07bcf07"
                    TAGREFS="LT8"
                    BASELINE="937 2512 2730 2480 3643 2488" 
                    HPOS="933"
                    VPOS="2317"
                    WIDTH="2710"
                    HEIGHT="256">
            <Shape><Polygon POINTS="937 2512 937 2557 990 2569 994 2569 998 2569 1067 2541 1226 2573 1230 2573 1381 2553 1536 2569 1540 2569 1544 2569 1548 2569 1609 2533 1772 2561 1776 2561 1780 2561 1858 2529 2237 2525 2302 2553 2306 2553 2310 2553 2314 2553 2318 2553 2359 2529 2502 2549 2506 2549 2685 2521 3166 2549 3170 2549 3174 2549 3288 2516 3370 2545 3374 2545 3378 2545 3382 2545 3386 2545 3423 2521 3455 2545 3460 2545 3464 2545 3468 2545 3582 2525 3635 2541 3643 2488 3635 2370 3411 2370 3211 2317 3207 2317 3203 2317 3199 2317 3195 2317 3125 2370 2987 2374 2873 2321 2869 2321 2865 2321 2860 2321 2710 2374 2608 2354 2604 2354 2600 2354 2539 2386 2494 2386 2424 2329 2420 2329 2416 2329 2412 2329 2408 2329 2298 2370 2212 2337 2208 2337 2204 2337 2200 2337 2196 2337 2135 2386 1972 2378 1911 2333 1907 2333 1903 2333 1899 2333 1654 2337 1650 2337 1524 2386 1365 2394 1300 2370 1295 2370 1291 2370 1287 2370 1226 2398 1047 2345 1043 2345 933 2345 937 2512"/></Shape>
            <String CONTENT="Par ta puiſſance &amp; force ſinguliere."
                    HPOS="933"
                    VPOS="2317"
                    WIDTH="2710"
                    HEIGHT="256"
                    WC="0.985274001955986"></String>
          </TextLine>
          <TextLine ID="eSc_line_5afd446a"
                    TAGREFS="LT8"
                    BASELINE="1092 2704 3684 2675" 
                    HPOS="1088"
                    VPOS="2525"
                    WIDTH="2596"
                    HEIGHT="215">
            <Shape><Polygon POINTS="1092 2704 1092 2740 2942 2740 2942 2736 3362 2712 3651 2728 3655 2728 3659 2728 3663 2728 3684 2708 3684 2675 3676 2525 3553 2525 3549 2525 3545 2525 3541 2525 3541 2529 3500 2565 3207 2569 3121 2541 3117 2541 3113 2541 2926 2578 2783 2578 2734 2533 2730 2533 2726 2533 2640 2533 2636 2533 2632 2533 2628 2533 2559 2582 2298 2582 2245 2553 2241 2553 2237 2553 2233 2553 2192 2573 2082 2541 2078 2541 2074 2541 1809 2569 1785 2549 1785 2545 1780 2545 1776 2545 1634 2545 1630 2545 1626 2545 1622 2545 1564 2582 1507 2557 1503 2557 1499 2557 1495 2557 1491 2557 1446 2590 1157 2549 1153 2549 1149 2549 1145 2549 1088 2586 1092 2704"/></Shape>
            <String CONTENT="Car auſsi toſt que tu fus courroucé,"
                    HPOS="1088"
                    VPOS="2525"
                    WIDTH="2596"
                    HEIGHT="215"
                    WC="0.9971189257260915"></String>
          </TextLine>
          <TextLine ID="eSc_line_f57142a8"
                    TAGREFS="LT8"
                    BASELINE="941 2903 3753 2879" 
                    HPOS="937"
                    VPOS="2720"
                    WIDTH="2816"
                    HEIGHT="244">
            <Shape><Polygon POINTS="941 2903 941 2932 1051 2964 1055 2964 1059 2964 1063 2964 1132 2940 1259 2964 1263 2964 1467 2932 1626 2960 1630 2960 1829 2940 1862 2960 1866 2960 1870 2960 1874 2960 2009 2956 2013 2956 2066 2928 2184 2948 2188 2948 2347 2928 2449 2952 2453 2952 2457 2952 2636 2924 2673 2952 2677 2952 2681 2952 2685 2956 2807 2956 2807 2952 2812 2952 2816 2952 2856 2924 2889 2948 2893 2948 2897 2948 2901 2948 3040 2920 3117 2948 3121 2948 3125 2948 3284 2916 3659 2944 3663 2944 3667 2944 3753 2907 3753 2879 3745 2732 3549 2720 3545 2720 3541 2720 3460 2761 3333 2745 3329 2745 3178 2765 3076 2740 3072 2740 3068 2740 3064 2740 3060 2740 3040 2761 2991 2745 2987 2745 2983 2745 2755 2769 2657 2728 2653 2728 2649 2728 2143 2732 2139 2732 2049 2773 1854 2740 1850 2740 1846 2740 1756 2781 1397 2785 1177 2785 1084 2740 1079 2740 986 2740 982 2740 978 2740 974 2740 937 2765 941 2903"/></Shape>
            <String CONTENT="Comme vne paille il fût pris &amp; trouſſé:"
                    HPOS="937"
                    VPOS="2720"
                    WIDTH="2816"
                    HEIGHT="244"
                    WC="0.9942124301478976"></String>
          </TextLine>
          <TextLine ID="eSc_line_d7ea4f35"
                    TAGREFS="LT8"
                    BASELINE="957 3107 3500 3079" 
                    HPOS="953"
                    VPOS="2944"
                    WIDTH="2547"
                    HEIGHT="216">
            <Shape><Polygon POINTS="957 3107 957 3140 982 3156 986 3156 990 3156 994 3160 1316 3160 1316 3156 2041 3123 2102 3144 2107 3144 2111 3144 2115 3144 2119 3144 2143 3123 2314 3144 2318 3144 2323 3144 2420 3119 2746 3140 2750 3140 2755 3140 2812 3115 3431 3131 3435 3131 3439 3131 3500 3103 3500 3079 3484 2956 3407 2981 3239 2981 3219 2960 3219 2956 3215 2956 3211 2956 3207 2956 3203 2956 3105 2981 3052 2960 3048 2960 3044 2960 2653 2985 2583 2944 2579 2944 2575 2944 2408 2944 2404 2944 2400 2944 2282 2985 2078 2989 2017 2969 2013 2969 2009 2969 2005 2969 1911 2993 1870 2956 1870 2952 1866 2952 1862 2952 1858 2952 1719 2960 1715 2960 1711 2960 1666 2989 1544 2956 1540 2956 1536 2956 1532 2956 1528 2956 1479 2993 1304 3005 1202 3005 1112 2960 1108 2960 1104 2960 953 2960 957 3107"/></Shape>
            <String CONTENT="Tu arreſtas la grand’ flotte marine"
                    HPOS="953"
                    VPOS="2944"
                    WIDTH="2547"
                    HEIGHT="216"
                    WC="0.9747935788972037"></String>
          </TextLine>
          <TextLine ID="eSc_line_ff4f379d"
                    TAGREFS="LT8"
                    BASELINE="937 3323 2245 3290 3436 3276" 
                    HPOS="929"
                    VPOS="3109"
                    WIDTH="2506"
                    HEIGHT="263">
            <Shape><Polygon POINTS="935 3317 935 3372 3429 3311 3435 3274 3417 3152 3178 3152 3129 3115 3129 3109 3105 3109 2928 3164 2653 3164 2604 3121 2604 3115 2463 3109 2396 3164 2310 3140 2292 3140 2200 3170 2133 3121 2109 3121 1913 3176 1858 3127 1858 3121 1589 3121 1369 3176 1271 3127 1253 3127 1149 3182 1033 3140 1014 3140 929 3170 935 3317"/></Shape>
            <String CONTENT="Au ſouffle ſeul de ta forte narine."
                    HPOS="929"
                    VPOS="3109"
                    WIDTH="2506"
                    HEIGHT="263"
                    WC="0.9870228477886744"></String>
          </TextLine>
          <TextLine ID="eSc_line_4f45fd3d"
                    TAGREFS="LT8"
                    BASELINE="1104 3510 2722 3486 3871 3494" 
                    HPOS="1100"
                    VPOS="3339"
                    WIDTH="2771"
                    HEIGHT="220">
            <Shape><Polygon POINTS="1104 3510 1104 3535 1149 3559 1153 3559 1157 3559 1336 3535 1479 3559 1483 3559 1817 3527 1927 3555 1931 3555 1935 3555 2282 3551 2286 3551 2290 3551 2331 3522 2616 3551 2620 3551 2844 3518 3272 3518 3329 3543 3333 3543 3337 3543 3341 3543 3345 3543 3390 3514 3521 3514 3586 3543 3590 3543 3594 3543 3867 3527 3871 3494 3867 3376 3305 3351 3301 3351 3093 3380 2950 3351 2946 3351 2840 3372 2787 3339 2783 3339 2779 3339 2775 3339 2673 3360 2539 3343 2534 3343 2530 3343 2526 3343 2481 3376 2420 3343 2416 3343 2412 3343 2408 3343 2314 3384 2119 3380 2086 3351 2086 3347 2082 3347 2078 3347 2074 3347 2070 3347 1952 3380 1878 3347 1874 3347 1719 3347 1715 3347 1711 3347 1622 3396 1361 3396 1295 3351 1291 3351 1287 3351 1283 3351 1100 3360 1104 3510"/></Shape>
            <String CONTENT="Lors s’eſleuãs çà &amp; là les monts ◊eaux,"
                    HPOS="1100"
                    VPOS="3339"
                    WIDTH="2771"
                    HEIGHT="220"
                    WC="0.9811952266582223"></String>
          </TextLine>
          <TextLine ID="eSc_line_2bf6d199"
                    TAGREFS="LT8"
                    BASELINE="953 3710 2649 3685 3896 3689" 
                    HPOS="949"
                    VPOS="3531"
                    WIDTH="2947"
                    HEIGHT="232">
            <Shape><Polygon POINTS="953 3710 953 3734 1014 3759 1018 3759 1022 3763 1389 3763 1389 3759 1597 3734 1939 3755 1943 3755 2131 3730 2302 3751 2306 3751 2502 3726 2689 3746 2693 3746 3256 3722 3427 3742 3431 3742 3643 3718 3671 3738 3676 3738 3680 3738 3684 3742 3867 3742 3867 3738 3871 3738 3875 3738 3896 3718 3896 3689 3892 3571 3818 3551 3814 3551 3810 3551 3570 3571 3508 3531 3504 3531 3500 3531 3431 3531 3427 3531 3158 3575 2848 3575 2718 3539 2714 3539 2710 3539 2706 3539 2702 3539 2649 3579 2445 3555 2441 3555 2437 3555 2384 3579 2343 3543 2339 3543 2335 3543 2331 3543 2115 3584 1948 3543 1943 3543 1939 3543 1768 3547 1764 3547 1760 3547 1695 3588 1353 3551 1348 3551 1344 3551 1340 3551 1271 3592 1031 3551 1027 3551 1022 3551 1018 3551 949 3588 953 3710"/></Shape>
            <String CONTENT="Goufres cõblez cõme chemins ◊ouueaux"
                    HPOS="949"
                    VPOS="3531"
                    WIDTH="2947"
                    HEIGHT="232"
                    WC="0.9808521082526759"></String>
          </TextLine>
          <TextLine ID="eSc_line_4c8d3c9e"
                    TAGREFS="LT8"
                    BASELINE="949 3922 2168 3893 3847 3885" 
                    HPOS="945"
                    VPOS="3734"
                    WIDTH="2902"
                    HEIGHT="228">
            <Shape><Polygon POINTS="949 3922 949 3962 1446 3962 1446 3958 1450 3958 1454 3958 1487 3938 1756 3958 1760 3958 1764 3958 1829 3934 2017 3950 2021 3950 2025 3950 2086 3930 2449 3950 2453 3950 2457 3950 2559 3926 2657 3950 2661 3950 2665 3950 2852 3926 3839 3938 3847 3885 3835 3771 3578 3771 3533 3734 3529 3734 3525 3734 3521 3734 3341 3779 3105 3783 2865 3783 2783 3742 2779 3742 2775 3742 2583 3746 2579 3746 2530 3771 2392 3746 2388 3746 2384 3746 2265 3779 2078 3763 2074 3763 2070 3763 2066 3763 2021 3787 1654 3775 1650 3775 1646 3775 1577 3795 1552 3771 1548 3771 1544 3771 1540 3771 1401 3791 1291 3775 1287 3775 1169 3799 1100 3763 1096 3763 1092 3763 945 3763 949 3922"/></Shape>
            <String CONTENT="Deuant nos yeux dreſſerent vne plaine,"
                    HPOS="945"
                    VPOS="3734"
                    WIDTH="2902"
                    HEIGHT="228"
                    WC="0.9815054363326022"></String>
          </TextLine>
          <TextLine ID="eSc_line_a19a6b7b"
                    TAGREFS="LT8"
                    BASELINE="953 4113 3900 4084" 
                    HPOS="949"
                    VPOS="3942"
                    WIDTH="2951"
                    HEIGHT="220">
            <Shape><Polygon POINTS="953 4113 953 4146 1785 4162 1789 4162 1980 4137 2037 4162 2041 4162 2045 4162 2241 4133 2298 4158 2302 4158 2306 4162 2636 4162 2636 4158 3129 4125 3892 4146 3900 4084 3896 3979 3822 3954 3818 3954 3814 3954 3810 3954 3761 3979 3390 3979 3337 3942 3333 3942 3329 3942 3325 3942 3142 3979 2856 3946 2852 3946 2628 3991 2457 3991 2424 3962 2420 3962 2416 3962 2412 3962 2270 3979 2233 3954 2229 3954 2225 3954 1895 3954 1891 3954 1886 3954 1882 3954 1862 3975 1797 3954 1793 3954 1789 3954 1267 4003 1153 4003 1071 3962 1067 3962 1063 3962 1059 3962 949 4003 953 4113"/></Shape>
            <String CONTENT="Où trauerſer biẽ nous peuſmes ſans peine."
                    HPOS="949"
                    VPOS="3942"
                    WIDTH="2951"
                    HEIGHT="220"
                    WC="0.9814071465622295"></String>
          </TextLine>
          <TextLine ID="eSc_line_48be0c37"
                    TAGREFS="LT8"
                    BASELINE="1100 4317 3953 4284" 
                    HPOS="1096"
                    VPOS="4137"
                    WIDTH="2857"
                    HEIGHT="241">
            <Shape><Polygon POINTS="1100 4317 1100 4378 1357 4349 1491 4378 1495 4378 1499 4378 1503 4378 1552 4345 1882 4374 1886 4374 1891 4374 1984 4341 2159 4374 2164 4374 2339 4337 2388 4370 2392 4370 2396 4370 2400 4374 2506 4374 2506 4370 2510 4370 2514 4370 2514 4366 2551 4333 2877 4366 2881 4366 2885 4366 2979 4329 3239 4325 3533 4325 3606 4353 3610 4353 3614 4353 3859 4329 3940 4349 3953 4284 3945 4174 3598 4137 3594 4137 3590 4137 3586 4137 3541 4174 3280 4150 3276 4150 3272 4150 3215 4178 2995 4162 2991 4162 2856 4182 2677 4150 2673 4150 2514 4186 2111 4158 2107 4158 2102 4158 1992 4190 1833 4158 1829 4158 1825 4158 1711 4194 1475 4162 1471 4162 1467 4162 1373 4194 1295 4166 1291 4166 1287 4166 1096 4178 1100 4317"/></Shape>
            <String CONTENT="Noſtre ennemy, qui de pres nous ſuyuoit"
                    HPOS="1096"
                    VPOS="4137"
                    WIDTH="2857"
                    HEIGHT="241"
                    WC="0.9950129017233849"></String>
          </TextLine>
          <TextLine ID="eSc_line_143d530c"
                    TAGREFS="LT8"
                    BASELINE="965 4520 3704 4488" 
                    HPOS="961"
                    VPOS="4345"
                    WIDTH="2743"
                    HEIGHT="228">
            <Shape><Polygon POINTS="965 4520 965 4553 1002 4573 1006 4573 1010 4573 1173 4549 1401 4569 1406 4569 1410 4569 1414 4569 1434 4549 1454 4565 1459 4565 1463 4565 1467 4565 1703 4541 1899 4565 1903 4565 2074 4537 2469 4557 2473 4557 2477 4557 2547 4533 2669 4557 2673 4557 2987 4549 2991 4549 2995 4549 3019 4528 3207 4549 3211 4549 3496 4520 3537 4545 3541 4545 3545 4545 3549 4545 3704 4528 3704 4488 3696 4382 3398 4361 3394 4361 3390 4361 3329 4386 3097 4345 3093 4345 3089 4345 2958 4390 2750 4370 2746 4370 2742 4370 2673 4390 2331 4353 2327 4353 2323 4353 2318 4353 2257 4398 2037 4357 2033 4357 2029 4357 2025 4357 1968 4402 1903 4374 1899 4374 1895 4374 1891 4374 1886 4374 1838 4406 1715 4406 1601 4366 1597 4366 1593 4366 1589 4366 1585 4366 1528 4406 1332 4370 1328 4370 1324 4370 1320 4370 1259 4414 1157 4414 1096 4370 1092 4370 1088 4370 1084 4370 961 4374 965 4520"/></Shape>
            <String CONTENT="Et iour &amp; nuict à force pourſuyuoit,"
                    HPOS="961"
                    VPOS="4345"
                    WIDTH="2743"
                    HEIGHT="228"
                    WC="0.989416597617997"></String>
          </TextLine>
          <TextLine ID="eSc_line_89b19044"
                    TAGREFS="LT8"
                    BASELINE="965 4712 3765 4687" 
                    HPOS="961"
                    VPOS="4549"
                    WIDTH="2804"
                    HEIGHT="232">
            <Shape><Polygon POINTS="965 4712 965 4744 1051 4781 1055 4781 1059 4781 1194 4752 1344 4777 1348 4777 1353 4777 1430 4744 1825 4748 1862 4777 1866 4777 1870 4777 1874 4777 1878 4777 2025 4740 2159 4761 2164 4761 2168 4761 2172 4761 2204 4740 2249 4765 2253 4765 2257 4765 2261 4765 2363 4736 2722 4765 2726 4765 2905 4732 2987 4757 2991 4757 2995 4757 3162 4732 3215 4765 3219 4765 3223 4765 3227 4765 3765 4752 3765 4687 3757 4581 3305 4561 3301 4561 2975 4581 2893 4549 2889 4549 2885 4549 2881 4549 2877 4549 2816 4590 2575 4590 2375 4549 2371 4549 2367 4549 2221 4594 2151 4594 2102 4553 2098 4553 2094 4553 2090 4553 1764 4585 1736 4561 1732 4561 1727 4561 1564 4557 1560 4557 1556 4557 1426 4598 1353 4561 1348 4561 1051 4561 1047 4561 1043 4561 961 4598 965 4712"/></Shape>
            <String CONTENT="Alloit criant, Nous les aurons en proye,"
                    HPOS="961"
                    VPOS="4549"
                    WIDTH="2804"
                    HEIGHT="232"
                    WC="0.9692984089255333"></String>
          </TextLine>
          <TextLine ID="eSc_line_6b780e80"
                    TAGREFS="LT8"
                    BASELINE="965 4919 3761 4887" 
                    HPOS="961"
                    VPOS="4744"
                    WIDTH="2800"
                    HEIGHT="232">
            <Shape><Polygon POINTS="965 4919 965 4976 1181 4948 1295 4972 1300 4972 1304 4972 1308 4972 1308 4968 1336 4944 1438 4964 1442 4964 1446 4964 1450 4964 1475 4944 1613 4964 1617 4964 1622 4964 1626 4964 1670 4940 1988 4940 2033 4964 2037 4964 2041 4964 2045 4964 2151 4940 2270 4964 2274 4964 2278 4964 2282 4964 2323 4932 2473 4932 2571 4960 2575 4960 2579 4964 2710 4964 2710 4960 2714 4960 2718 4960 2759 4936 3048 4956 3052 4956 3056 4956 3060 4956 3060 4952 3089 4928 3757 4932 3761 4887 3753 4781 3688 4781 3651 4748 3651 4744 3647 4744 3643 4744 3639 4744 3635 4744 3570 4777 3407 4781 2730 4748 2726 4748 2722 4748 2718 4748 2718 4752 2685 4777 2380 4773 2375 4773 2371 4773 2367 4773 2339 4793 1948 4777 1943 4777 1833 4797 1764 4769 1760 4769 1756 4769 1752 4769 1748 4769 1699 4801 1520 4801 1410 4765 1406 4765 1401 4765 1238 4769 1234 4769 1230 4769 1230 4773 1198 4801 1137 4769 1132 4769 1128 4769 961 4781 965 4919"/></Shape>
            <String CONTENT="Ils ſont à nous, i’accompliray ma ioye."
                    HPOS="961"
                    VPOS="4744"
                    WIDTH="2800"
                    HEIGHT="232"
                    WC="0.9969690397381783"></String>
          </TextLine>
          <TextLine ID="eSc_line_e4b63afb"
                    TAGREFS="LT8"
                    BASELINE="1116 5111 2946 5090 3696 5090 3912 5107" 
                    HPOS="1112"
                    VPOS="4936"
                    WIDTH="2800"
                    HEIGHT="232">
            <Shape><Polygon POINTS="1116 5111 1116 5139 1206 5168 1210 5168 1214 5168 1459 5139 1785 5168 1789 5168 1793 5168 1899 5135 1976 5160 1980 5160 1984 5160 1988 5160 2074 5131 2375 5152 2380 5152 2681 5127 2767 5160 2771 5160 2775 5164 3019 5164 3019 5160 3182 5123 3407 5152 3411 5152 3415 5152 3521 5123 3545 5143 3549 5143 3553 5143 3557 5143 3561 5143 3566 5143 3590 5127 3904 5152 3912 5107 3908 4972 3627 4968 3578 4936 3574 4936 3570 4936 3566 4936 3561 4936 3480 4972 3419 4940 3415 4940 3411 4940 3256 4976 3028 4976 2966 4944 2962 4944 2958 4944 2795 4968 2718 4944 2714 4944 2710 4944 2706 4944 2702 4944 2649 4981 2539 4985 2261 4985 2135 4948 2131 4948 2127 4948 1903 4981 1809 4952 1805 4952 1593 4952 1589 4952 1585 4952 1503 4985 1397 4956 1393 4956 1389 4956 1385 4956 1316 4981 1190 4960 1185 4960 1181 4960 1112 4989 1116 5111"/></Shape>
            <String CONTENT="Des chairs d’iceux mõ glaiue ſouleray,"
                    HPOS="1112"
                    VPOS="4936"
                    WIDTH="2800"
                    HEIGHT="232"
                    WC="0.9591582249372433"></String>
          </TextLine>
          <TextLine ID="eSc_line_dc786f1d"
                    TAGREFS="LT8"
                    BASELINE="974 5314 3586 5290" 
                    HPOS="969"
                    VPOS="5143"
                    WIDTH="2617"
                    HEIGHT="237">
            <Shape><Polygon POINTS="974 5314 974 5380 1291 5347 1385 5363 1389 5363 1393 5363 1397 5363 1422 5343 1552 5371 1556 5371 1560 5371 1609 5343 1646 5371 1650 5371 1654 5371 1658 5371 1662 5371 1719 5343 1838 5359 1842 5359 1939 5339 1972 5363 1972 5367 1976 5367 1980 5367 1984 5371 2147 5371 2147 5367 2151 5367 2282 5335 2445 5355 2449 5355 3174 5327 3199 5347 3199 5351 3203 5351 3207 5351 3211 5351 3337 5327 3378 5355 3382 5355 3386 5355 3390 5359 3525 5359 3525 5355 3529 5355 3586 5323 3586 5290 3578 5176 3284 5152 3280 5152 2832 5176 2742 5143 2738 5143 2734 5143 2730 5143 2726 5143 2726 5147 2693 5184 2530 5184 2502 5160 2498 5160 2494 5160 2490 5160 2261 5184 2221 5152 2217 5152 2212 5152 2139 5152 2135 5152 2131 5152 2127 5152 2082 5188 1911 5188 1846 5152 1842 5152 1838 5152 1670 5160 1666 5160 1613 5188 1446 5156 1442 5156 1438 5156 1434 5156 1389 5192 1340 5160 1336 5160 1332 5160 1328 5160 1202 5188 1128 5160 1124 5160 1120 5160 969 5160 974 5314"/></Shape>
            <String CONTENT="Et de leur ſang la terre abreuueray,"
                    HPOS="969"
                    VPOS="5143"
                    WIDTH="2617"
                    HEIGHT="237"
                    WC="0.9851035442617204"></String>
          </TextLine>
          <TextLine ID="eSc_line_fe86937f"
                    TAGREFS="LT8"
                    BASELINE="978 5522 3619 5486 3835 5502" 
                    HPOS="974"
                    VPOS="5327"
                    WIDTH="2861"
                    HEIGHT="252">
            <Shape><Polygon POINTS="978 5522 978 5555 1157 5579 1161 5579 1165 5579 1214 5555 1556 5567 1560 5567 1785 5547 1838 5567 1842 5567 1846 5567 1850 5567 1899 5543 2049 5563 2054 5563 2237 5538 2506 5563 2510 5563 2514 5563 2624 5534 2677 5559 2681 5559 2685 5559 2689 5559 2746 5538 2897 5555 2901 5555 2905 5555 2909 5555 2938 5530 3830 5543 3835 5502 3830 5335 3651 5327 3647 5327 3643 5327 3639 5327 3586 5371 3386 5371 3329 5331 3325 5331 3321 5331 3317 5331 3129 5355 3015 5335 3011 5335 3007 5335 3003 5335 2971 5363 2840 5335 2836 5335 2832 5335 2755 5376 2677 5339 2673 5339 2669 5339 2665 5339 2661 5339 2591 5380 2363 5363 2359 5363 2355 5363 2351 5363 2327 5384 1943 5371 1939 5371 1935 5371 1854 5392 1740 5355 1736 5355 1732 5355 1727 5355 1601 5388 1475 5355 1471 5355 1467 5355 1463 5355 1459 5355 1401 5400 1308 5400 1243 5363 1238 5363 1234 5363 1230 5363 1181 5388 1137 5359 1132 5359 1128 5359 1124 5359 974 5359 978 5522"/></Shape>
            <String CONTENT="Ils mourrõt tous mais la beſte fut priſe"
                    HPOS="974"
                    VPOS="5327"
                    WIDTH="2861"
                    HEIGHT="252"
                    WC="0.9865362374555497"></String>
          </TextLine>
          <TextLine ID="eSc_line_90523686"
                    TAGREFS="LT8"
                    BASELINE="986 5718 3757 5689" 
                    HPOS="982"
                    VPOS="5538"
                    WIDTH="2775"
                    HEIGHT="220">
            <Shape><Polygon POINTS="986 5718 986 5758 3757 5734 3757 5689 3749 5583 3663 5583 3614 5538 3610 5538 3606 5538 3545 5538 3541 5538 3537 5538 3533 5538 3533 5543 3488 5583 2913 5587 2820 5547 2816 5547 2587 5547 2583 5547 2579 5547 2575 5547 2575 5551 2547 5575 2477 5551 2473 5551 2469 5551 2306 5571 2196 5551 2192 5551 2188 5551 2184 5551 2123 5600 1797 5600 1727 5563 1723 5563 1528 5559 1524 5559 1520 5559 1373 5604 1067 5563 1063 5563 1059 5563 982 5604 986 5718"/></Shape>
            <String CONTENT="Au meſme rets de ſa folle entrepriſe."
                    HPOS="982"
                    VPOS="5538"
                    WIDTH="2775"
                    HEIGHT="220"
                    WC="0.9720519233394314"></String>
          </TextLine>
          <TextLine ID="eSc_line_fd3a8338"
                    TAGREFS="LT8"
                    BASELINE="1194 5913 3117 5889 3810 5897" 
                    HPOS="1190"
                    VPOS="5738"
                    WIDTH="2620"
                    HEIGHT="228">
            <Shape><Polygon POINTS="1194 5913 1194 5942 1295 5966 1300 5966 1491 5942 1846 5962 1850 5962 1854 5962 1858 5962 1891 5938 2335 5958 2339 5958 2510 5929 2755 5954 2759 5954 2885 5925 3101 5950 3105 5950 3109 5950 3182 5925 3333 5946 3337 5946 3341 5946 3345 5946 3374 5921 3802 5942 3810 5897 3806 5779 3484 5738 3480 5738 3476 5738 3472 5738 3472 5742 3427 5783 3362 5783 3317 5742 3317 5738 3313 5738 3309 5738 3252 5738 3248 5738 3244 5738 3162 5779 2991 5742 2987 5742 2983 5742 2979 5742 2934 5783 2885 5767 2881 5767 2877 5767 2873 5767 2812 5791 2628 5791 2600 5762 2596 5762 2591 5762 2587 5762 2221 5787 2111 5750 2107 5750 2102 5750 2098 5750 1992 5795 1952 5758 1948 5758 1943 5758 1748 5754 1744 5754 1740 5754 1569 5803 1422 5803 1377 5762 1377 5758 1373 5758 1369 5758 1267 5758 1263 5758 1259 5758 1190 5791 1194 5913"/></Shape>
            <String CONTENT="Car auſſi toſt que tu voulus ſouffler,"
                    HPOS="1190"
                    VPOS="5738"
                    WIDTH="2620"
                    HEIGHT="228"
                    WC="0.9878375342017726"></String>
          </TextLine>
          <TextLine ID="eSc_line_f76ec4b1"
                    TAGREFS="LT8"
                    BASELINE="998 6121 3835 6076" 
                    HPOS="994"
                    VPOS="5925"
                    WIDTH="2841"
                    HEIGHT="322">
            <Shape><Polygon POINTS="998 6121 998 6243 1137 6247 1141 6247 1145 6247 1275 6215 1332 6239 1336 6239 1340 6239 1344 6239 1406 6215 1491 6243 1495 6243 1499 6243 1503 6243 1609 6215 1764 6239 1768 6239 1772 6239 1907 6186 2058 6186 2192 6231 2196 6231 2200 6231 2314 6210 2661 6223 2665 6223 2669 6223 2673 6223 2722 6186 2771 6206 2775 6206 2779 6206 2783 6206 2901 6170 3040 6219 3044 6219 3048 6219 3052 6219 3166 6182 3276 6215 3280 6215 3284 6215 3288 6215 3292 6215 3333 6182 3366 6194 3370 6194 3374 6194 3378 6194 3472 6158 3835 6149 3835 6076 3826 5974 3700 5966 3655 5925 3651 5925 3647 5925 3570 5925 3566 5925 3561 5925 3557 5925 3488 5974 3350 5929 3345 5929 3341 5929 3337 5929 3333 5929 3276 5978 3056 5962 3052 5962 3048 5962 3003 5982 2926 5946 2922 5946 2918 5946 2913 5946 2791 5991 2396 5991 2323 5946 2318 5946 2314 5946 2310 5946 2306 5946 2302 5946 2302 5950 2270 5978 2135 5995 1939 5991 1850 5954 1846 5954 1842 5954 1838 5954 1833 5954 1789 5991 1727 5958 1723 5958 1719 5958 1715 5958 1597 6003 1406 5962 1401 5962 1397 5962 1263 6007 1198 5966 1194 5966 1190 5966 1185 5966 994 5966 998 6121"/></Shape>
            <String CONTENT="L&#x27;onde s’eſmeut, la mer vint à s’enfler:"
                    HPOS="994"
                    VPOS="5925"
                    WIDTH="2841"
                    HEIGHT="322"
                    WC="0.9886564932218412"></String>
          </TextLine>
        </TextBlock>
        <TextBlock HPOS="3625"
                   VPOS="6142"
                   WIDTH="345"
                   HEIGHT="236"
                   ID="eSc_textblock_e8242ad0"
                   TAGREFS="BT17">
          <Shape><Polygon POINTS="3625 6378 3625 6142 3970 6142 3970 6378"/></Shape>
          <TextLine ID="eSc_line_97631d52"
                    TAGREFS="LT8"
                    BASELINE="3631 6284 3936 6272" 
                    HPOS="3627"
                    VPOS="6121"
                    WIDTH="309"
                    HEIGHT="240">
            <Shape><Polygon POINTS="3627 6263 3631 6284 3631 6361 3936 6341 3936 6272 3916 6121 3639 6198 3627 6263"/></Shape>
            <String CONTENT="Gouf¬"
                    HPOS="3627"
                    VPOS="6121"
                    WIDTH="309"
                    HEIGHT="240"
                    WC="0.9215779185295105"></String>
          </TextLine>
        </TextBlock>
      </PrintSpace>
    </Page>
  </Layout>
</alto>
