4267 7830
908 495 268 261 352

1828 417 1468 239 CANTIQVES.

1062 682 2534 235 A celle fin que telle cognoiſſance

896 913 2979 231 Garder vers toy me puiſſe en innocence:

910 1109 2686 235 Ou ſi i’offenſe, helas, ta grace bonne

905 1313 2704 248 A l’offenſeur ſon offenſe pardonne.

1058 1535 2555 226 Maintien en ioye & en lieſſe auſſi

896 1744 2704 239 Le peuple tien de deſconfort tranſi:

905 1957 2682 239 Permets auſſi que la puiſſance forte

910 2183 2934 235 De l’ennemi par ton pouuoir ſoit morte:

1058 2379 2560 239 Donne la paix à tant de monde las

910 2588 2573 252 D’aduerſité: & qui eſt pris aux laqs

905 2792 2617 257 De faim & ſoif: & de longue duree

914 3036 2721 230 Soit ceſte paix par ta main procuree.

1110 3232 2521 226 En attendant qu’à noſtre dernie◊

931 3436 2587 244 Noſtre ame viue au celeſte ſeiour.

910 3758 3073 252 Cantique contenant le teſtament de lacob.

1219 3975 2551 248 Sur le chant du Pſeaume 86. Mon Dieu

1759 4193 1606 248 preſte moy l’oreille, &c.

1193 4454 2420 261 Vs, mes enfans, qu’on s’aſſemble,

1195 4658 1987 235 Venez ouir tous enſemble

901 4902 1829 222 De voſtre pere la voix,

901 5115 2190 231 Car au ſepulchre m’en vois.

1110 5311 1907 235 Ruben aiſné de marace,

896 5528 2395 266 Ma vigueur, ma force & grace,

896 5750 1877 235 Autant en cœur violent

914 5946 1933 270 Qu’en dignité excellent:

1058 6159 2220 274 Plus leger que l’eau coulante,

892 6381 1859 304 De profiter ne te vante,

908 4443 228 470 S

3788 6561 219 277 Ni
