4267 8012
2850 574 299 285 163

574 574 1773 240 SPIRITVELLES.

133 1682 199 487 P

153 3832 214 494 C

138 819 2819 320 Du Seigneur Dieu i’eſpere beaucoup

231 1126 468 164 mieux.

329 1255 2454 271 Chanſon ſur le chant, Pour vn

807 1455 1503 320 plaiſir qui ſi peu dure.

327 1682 2497 294 Our vn plaiſir qui touſiours dure,

333 1936 2324 227 Faut endurer peine & trauaux:

146 2127 2263 254 Heureux eſt celuy qui endure,

151 2345 2316 254 Pour tel plaiſir cent mille maux.

155 2559 2294 254 Le monde fait ſur moy ſes ſauts:

151 2768 2441 254 La chair me fait mainte bleſſeure,

155 2982 1862 231 Satan me liure durs aſſaux,

155 3191 2584 267 Mais quoy? la victoire eſt bien ſeure.

400 3414 1987 253 Chanſon ſur le chant,

868 3636 1154 245 Le dueil iſſu.

353 3792 2858 307 Eſt bien raiſon que facions penitẽce

414 4026 2617 313 Et que croyons à l’Euangile ſainct:

164 4259 2838 267 C'eſt ſe douloir de la mortelle offenſe,

160 4477 2842 281 Dont par la Loy le pecheur eſt atteint:

169 4687 3060 258 C'eſt cõfeſſer croyant de cœur non feint,

182 4896 3051 280 Que leſus Chriſt noſtre bon Dieu & Roy

169 5136 2133 254 A ſatisfait, & le peché eſteint,

173 5341 3009 245 Accompliſſant pour nous toute la Loy.

494 5554 2236 268 Chanſon ſur le chant, Helas

913 5795 1398 249 amy tu cognois bien.

387 5986 2619 258 Elas mon Dieu tu cognois bien,

414 6189 2403 294 Que ne puis nier mon offenſe,

164 6422 2361 245 Mais tu cognois aſſez combien,

151 6632 2427 298 le ſuis mauuais de ma naiſſance.

166 5988 241 461 H

1959 6885 610 254 I .iiii.
