4267 7559
1091 491 383 201 212

1688 491 1860 235 SPIRITVELLES.

1058 709 2162 269 D’eſtre de Luther impugné,

1058 932 2339 235 Pour ſouffrir mal ſi rigoureux?

1054 1117 2318 260 Ie me diſois le Dieu des dieux,

1045 1318 1197 248 Publiquement,

1049 1524 2399 260 Faut il que mon eſtat pompeux,

1037 1734 2217 235 Soit de luy traicté rudement?

1188 1935 2184 244 Ma dignité eſt en mon nom,

1041 2129 2348 231 Car ie ſuis pere ſainct nommé:

1016 2322 2423 260 Mais Luther dit que ſuis damné

1007 2532 2176 248 Par l’Euangile & ſon canon:

1037 2746 2486 256 Tais-toy, ce n’eſt pas ton cas, non,

999 2906 1113 260 D’en diſputer.

1016 3128 2600 277 C’eſt aux grans docteurs de renom

991 3334 2326 256 Entre leſquels ce faut traicter.

1171 3540 2104 256 Tu donnes trop d’authorité

1003 3724 1999 278 A l’Euangile, ſçay-ie bien.

991 3947 2461 265 Mais aux gloſes tu n’entens rien,

991 4128 2091 285 N’au ſens plein de moralité,

986 4342 1970 247 La lettre occit, mais verité

970 4535 1121 239 Eſt en l’eſprit:

991 4732 2074 265 Le ſens duquel i’ay limité

970 4946 2104 261 Pour le gloſer à mon profit.

1112 5152 2428 265 Reſpons à moy Martin Luther,

953 5350 2394 243 L’authorité de ſainct Matthieu,

970 5534 2608 286 Ou de ſainct Paul ſeruant de Dieu,

961 5757 2138 265 Contre moy peut elle luiter?

936 5950 1953 273 Ie dis que non, ne reluiter

936 6156 1193 294 Ne peut à moy,

3787 6425 215 208 Ie
