4267 7656
906 501 319 226 256

897 740 2434 234 Car à cela deuons nous aſpirer.

863 952 2799 234 Louant celuy qu’à guerir ne refuſe

859 1156 2940 234 Le cœur contrit, qui de peché s’accuſe.

876 1365 3131 242 Or donc vous Rois, à qui chaſcun preſente

880 1573 3127 243 Tout paſſe-temps, pour d’ennuy vous tirer,

850 1786 2851 196 D’orenauantnul de vous ne conſente

846 1986 2787 234 D’ouir chanſon pour dames attirer:

859 2194 3148 255 Car voſtre honneur n’en pourroit qu’em¬

1059 2432 506 209 pirer.

842 2598 2982 251 Mais eſcoutez celles qui ſont ſans rufe

846 2819 2999 239 Au los de Dieu, des biens duquel on vſe.

859 3032 3144 243 Vous tous auſsi qui mettez voſtre entente

825 3245 2395 221 A compoſer & à vers meſurer:

833 3445 2987 238 Gardez le ſens, mais la lettre inſolente.

821 3653 2816 234 En autre ſens vueillez ſoudain virer:

829 3857 2702 238 C’eſt aſſauoir à Dieu ſeul honorer,

821 4078 2654 234 Et à cela prouoquez voſtre muſe,

825 4283 3003 246 Ou autrement chacun de vous s’abuſe.

1055 4699 2828 243 Chanſon ſur le chant, l’ay trop aimé,

1514 4946 1931 234 vrayement ie le confeſſe, &e.

1004 5325 2799 251 AAy trop chanté l’abominable Meſſe,

1022 5518 2919 268 I’en qu’itte l’art, marchandiſe & meſtier

799 5759 3012 221 Or chanteray les chanſons du Pſautier,

782 5950 3072 247 Là où Dieu fait de mon ſalut promeſſe,

774 6180 2582 229 Et ioueray de ma harpe en lieſſe,

761 6392 2872 294 Pſalmodiant par voye & par ſentier.

1799 497 1693 213 CHANSONS

792 5263 185 510 I

3551 6584 422 268 Audit
