4267 7331
900 281 473 211 296

1801 276 1487 237 CANTIOVES.

904 500 3061 241 Sur ton ſainct mõt, en ta maiſon parfaite,

912 724 3049 216 Que de tes mains toy-meſme noꝰ as faite.

1051 928 2906 224 Or regne dõc, regne à iamais mõ Dieu.

916 1115 2519 216 Qui Pharao de la mer au milieu

904 1315 3036 232 A ſubmergé, luy, ſes chars & ſes hommes,

900 1519 3061 236 Dont eſchappez par ſa grace nous ſõmes.

904 1897 3057 253 Cantique de Moyſe, Exode 33. Sur le chant

1027 2117 2877 237 du Pſeau. I46. Sus, mon ame qu’on benie, &t.

1173 2407 2649 260 Il prie le Seigneur qu’il ſe declare à luy en

1544 2618 1899 228 l’œuure qu’il luy à enioinct.

1187 2895 2599 249 Eigneur Dieu tu me commandes,

1185 3099 2376 244 Et m’encharges de tout poinct

908 3303 2523 232 Mener ce peuple & ces bandes,

912 3494 2625 261 Mais tu ne me monſtres point ſ

929 3710 2074 244 Qui c’eſt qui nous guidera,

929 3913 1993 220 Qui c’eſt qui nous aidera.

1059 4089 2331 272 Quelque fois m’as dit en face,

912 4325 2059 216 Ie te cognoy par ton nom,

921 4520 2021 212 Tu as ma faueur & grace,

904 4716 2009 224 Parquoy ne reculle, non.

900 4915 2413 228 Mais Seigneur point ie ne voy

929 5111 2192 228 Qu’ayes vn tel ſoin de moy.

1104 5310 2250 241 Fay donc que l’effect ie voye

921 5510 2184 220 De ce tant bon vouloir tien:

921 5714 1976 228 Et ſi m’aymes, en ta voye

933 5913 2156 273 Guyde moy & me ſouſtien:

914 2868 290 479 S

3720 6133 273 192 Lors
