4267 7877
800 350 132 175 4

748 533 1890 324 De fables & traditions,

735 783 2197 276 Des humaines inuentions.

967 1006 2809 346 Tous faux paſteurs & mercenaires,

717 1207 2293 320 De ton fils Ieſus aduerſaires,

713 1422 1812 280 Ennemis de ta verité,

726 1627 2302 324 Qui n’ont ne foy, ne charité.

901 1859 2499 320 Tous obſtinez en leur malice,

700 2061 2700 345 Larrons, pillars, pleins d’auarice,

704 2279 2096 307 Tous mutins, & ſeditieux,

695 2494 2604 319 Tous faux teſmoins pernicieux.

884 2713 2717 341 Tous blaſphemateurs execrables,

665 2914 2490 333 Tyrans, meurtriers inſatiables,

634 3124 2639 341 Boute-feux, & faux rapporteurs,

634 3338 2569 316 Des gens de bien diffamateurs.

814 3562 2402 306 Par ainſi, ô bon Dieu & Pere,

617 3759 2284 323 Fay que ton Egliſe proſpere:

590 3964 2132 315 Defen la contre les aſſaux

590 4179 2162 302 De Saran, & de ſes vaſſaux.

800 4393 3099 451 Touche les cœurs des Rois & Princes,

560 4625 2612 337 Recteurs de villes & prouinces:

547 4844 2485 324 Afin qu’ils ſeruent à l’honneur

533 5050 2517 336 De toy, qui es le ſeul Seigneur.

726 5277 2648 346 Et qu’en faiſant bien leur office,

512 5474 2477 333 Rendent à tous bonne iuſtice,

507 5702 2538 341 Sur tout, puniſſans les mauuais,

503 5929 2556 333 Afin que nous viuions en paix,

498 6100 1948 337 Fortifie auſſi & conſole

665 6345 2752 503 Las vrais Preſcheurs de ta Parole:

1781 367 1370 241 CHANSONS

3247 6699 634 280 Donne
