4267 8012
3098 620 374 288 165

788 609 1724 214 SPIRITVELLES.

280 3258 176 500 S

293 867 2174 254 Si i'eſtoye en foy tant feruent,

307 1094 2151 254 Que fiſſe ſaillir monts au vent.

767 1295 1009 260 Ie ne fay, &c.

287 1502 2183 267 Si mes biens i’alloye departant

280 1735 2003 261 Aux poures, les reconfortant.

761 1942 1068 247 Ie ne fay, &c.

280 2176 2638 267 Si mon corps liuroy' promptement,

280 2376 2003 247 Pour le bruſler entierement.

727 2597 1029 247 Ie ne fay, &c.

498 2853 2468 280 Chanſon ſur le chant, Amy ſouf¬

864 3129 1608 222 frez que l’on vous aime.

454 3278 2464 314 I vous craignez de Dieu la haine,

427 3505 1763 287 A le requerir ne faudrez,

267 3725 2213 267 Nuict & iour à bien entendrez,

271 3943 2454 272 Sans plaindre en cela voſtre peine.

271 4152 2935 294 Chreſtiens ſouffrez, que Dieu vous aime.

369 4393 2535 253 L’amour de Dieu eſt trescertaine,

271 4593 2067 280 leſus eſt doux & ſans rigueur,

280 4829 2463 271 Vous donnant pouuoir & vigueur,

271 5025 2610 285 C'eſt luy ſeul qui à bien vous meine,

271 5234 1617 272 Chreſtiens ſouffrez, &c.

432 5510 2627 329 Chanſon ſur le chant, Comme va le

855 5808 1634 249 temps qui vire et tourne.

554 5988 1509 281 Ve n’eſt on content

567 6209 1856 320 De ce que Dieu donne?

262 6422 1483 281 Que n’eſt-on content?

240 6641 1439 324 Dieu nous aime tant.

240 5962 347 480 Q
