4267 8012
311 810 1982 267 Cartu te viens matin leuer,

311 1032 2597 281 Pour remplir ton ventre & ta penſe

311 1255 2005 245 Sans au ciel les yeux eſleuer.

378 1442 2356 276 Ovous danſeurs vils & infects,

311 1673 2014 249 Sachez que voſtre danſerie,

316 1873 2405 276 Voſtre boubance & vos forfaicts,

311 2114 1991 253 Ne ſont que pure idolatrie:

307 2327 2543 245 Sainct Paul qui n’a dict menterie,

311 2537 2544 244 Conioinct l’idolatre aux danſeurs.

333 2737 2358 274 Tout en vn poinct ſans flatterie,

307 2951 2384 267 Danſes ne ſont ies chemins ſeurs.

440 3182 1929 263 Quand Iſrael ſe deſuoya,

320 3405 2347 249 Autour du Veau, lequel fit faire,

316 3636 2334 240 Au preſtre Aaron, Dieu enuoya

334 3845 2048 236 Punition pour le deffaire.

307 4046 2163 247 Ne fut-ce pas pour tel affaire,

327 4253 2591 287 Qu'apres qu’il eur bien gourmandé

329 4500 1777 235 Pour idolatrie parfaire,

313 4680 2151 247 Danſes & ieux ont demandé:

434 4907 2030 274 O ieuneſſe ne penſe pas,

334 5145 2062 205 Que ta beauté:ne ta dorure

334 5350 2071 253 Te puiſſe garder du treſpas:

325 5577 2120 236 Et que n’ailles en pourriture:

329 5786 2169 245 Regarde la ſaincte Eſcriture,

342 6017 2325 232 Qui nous commande de quitter

338 6213 2116 241 Telles boubances de nature,

365 6422 2289 236 Car Dieu defend de les porter.

458 6645 2624 316 Dieu parlant par ſon ſainct Eſprit,

699 551 1795 245 SPIRITVELLES.

3145 560 273 254 187
