4267 8012
3019 347 352 222 261

561 338 1813 227 SPIRITVELLES.

207 1088 146 481 L

182 591 3051 281 Chanſon ſur le chant, Le cœur eſt mien

554 827 2036 281 qui onques ne fut prins, etc.

353 1008 3025 327 E cœur eſt mien, qui onques ne fut

353 1288 682 267 prins,

173 1477 2833 272 Fors de Ieſus, en qui fait ſa demeure,

173 1709 2771 258 Là où ſera ſans que iamais il meure:

173 1936 2797 258 Car Dieu viuant ainſi l’a entreprins.

169 2149 2806 263 Le faux Satan m’auoit iadis ſurprins

169 2345 3167 281 En me ſoufflãt à l’aureille à toute heure,

173 2572 3297 285 Mais i’ay cognu que ſa chance eſt mal

173 2848 294 218 ſeure

169 2986 3251 307 Et qu’en Ieſus tout mon gain eſt cõprins.

195 3240 3074 245 Le ſainct Eſprit m’a inſtruit & apprins,

173 3458 3136 258 Me conſeillant qu’en vice ne demeure:

169 3658 3278 290 Ains mes pechez deuant Dieu ſeul ie

231 3930 615 258 pleure

173 4117 3056 262 Si ie ne veux eſtre aigrement reprins.

236 4322 3135 289 Chanſon ſur le chant, Ie me plain fort,

837 4580 1822 209 amours m’ont rué ius, etc.

240 4767 2713 258 E me plain fort, Satan m’a rué ius,

244 4976 2691 280 Et ſi n’ay nulle aide fors de Ieſus.

187 5225 1723 249 le luy requier ſecours.

178 5443 1853 241 En ce mortel naufrage,

178 5666 2311 253 Priant qu’en mes iours cours

182 5875 1906 267 Me ſupporte & ſoulage.

173 6066 2891 285 l’ay trop aimé le monde & ſes abus,

173 6298 2833 285 Et à la chair ay payé maints tribus:

173 6534 2054 302 L’enſuyuant tous les iours

63 4733 217 548 I
