4267 7925
3152 593 237 291 47

700 532 1770 238 SPIRITVELLES.

162 796 2356 243 Ainſi qu’au chien qui s’accorde

167 1039 1607 224 Au loup à rauir appris,

171 1215 2405 264 Sans que le loup le chien morde:

162 1430 1771 221 Mais le maſtin & le loup

176 1655 2043 238 Mangent chacun à ſon bout

180 1875 2475 220 La poure brebis rauie, bis.

184 2064 1978 247 Tant qu’elle a perdu la vie.

299 2285 2166 228 Que doit-on faire à ce chien

176 2491 1801 238 Mis à la garde des beſtes,

176 2712 1761 242 Et ne les garde pas bien,

176 2923 2241 242 Mais en mange corps & teſtes?

180 3130 1836 238 Ainſi que du loup on fait

180 3337 2131 251 Qu’ainſi de ce chien ſoit fait:

171 3548 2497 269 Et au parc que lon pouruoye bis.

176 3759 2386 260 D’vn chien qui au loup abboye.

308 3971 2100 268 Les preſtres les gardes ſont,

176 4173 1792 265 Et Satan le loup ſauuage:

180 4385 1876 268 Les preſtres garde ne font

189 4596 1766 255 Contre de Satan la rage:

184 4803 2101 286 Les preſtres la laine ont pris,

176 5014 1550 260 Et Satan l’a entrepris.

171 5171 2537 376 La brebis ont departie, bis.

184 5415 1705 282 Chacun a pris ſa partie.

317 5648 1827 256 Des preſtres que fera on

202 5829 2026 304 Qui ont mal gardé l’Egliſe,

184 6036 1722 295 Et de la grand' Babylon

202 6251 2149 295 Qui du ciel fait marchandiſe?

198 6472 1867 396 Comme Satan eſt damné,
