4267 7656
901 429 379 183 260

2012 425 1310 213 CHANSONS

919 629 454 519 Q

1374 642 2488 297 Vi la voudra, la Meſſe, ſi l’endure,

1467 876 2493 293 Car ſi mõ cœur n’eſt vers elle ap¬

1084 1131 443 191 paiſé

901 1284 2770 268 De l’endurer il m’eſt trop mal-aiſé,

923 1492 3037 268 Veu qu’elle n’eſt en la ſaincte Eſcriture

906 1701 3046 276 Chriſt dit qu’õ fiſt la Cene ſaincte & pure

914 1918 3033 263 Cõme pluſieurs des ſiens n’ont pas taiſe:

897 2126 2902 264 Mais pas n’a dit que le pain fuſt baiſé

897 2335 2302 234 Ni adoré d’aucune creature.

914 2530 3025 277 C’eſt blaſphemer & faire à Dieu iniure:

893 2760 2765 247 Et peut-on voir qu’on a trop abuſé

889 2956 2999 268 Des Sacremens & long temps mal vſé:

897 3177 3059 255 Pource Chriſt veut les remettre en nature.

1123 3372 2705 273 Chanſon ſur le chant, Languir me

1578 3602 1884 243 fais ſans t’auoir offenſee, etc.

1277 3789 2689 281 Anguir me fait la reigle mal dreſſee

1277 3993 2677 287 D’vn tas de fols, qui font par les mõ¬

1072 4232 536 182 ſtiers

893 4414 2540 260 A barboter oraiſons & pſautiers,

897 4619 3080 280 Cuidãs que Chriſt telle reigle ait laiſſee.

1106 4853 2871 233 C’eſt vn erreur par Satan commencee

884 5044 3080 276 De leurs Conuents, Chapelles & Autiers:

889 5257 2871 276 Où ſont au paſt paillardes & putiers,

880 5482 2833 251 Sous le ſemblant de deuote penſee.

1072 5695 2727 251 Le bon Ieſus à ſouuent prononcee

876 5895 3093 259 Leur fauſſeté: & meſme en maĩs quartiers

880 6107 3078 255 Sainct Paul eſcrit de tels dominotiers,

897 6337 2910 281 Qui maintenant vont la teſte baiſſee.

894 3770 427 459 L

3583 6565 383 261 Chan¬
