4267 8012
3138 594 294 273 239

663 529 1782 241 SPIRITVELLES.

126 3725 328 481 L

169 770 1421 204 Et toutes reſueries

173 974 1653 254 Deſquelles vous vſez,

169 1192 1790 241 Donnez los & renom,

160 1406 2151 249 De Dieu au tresſainct nom.

293 1615 1956 263 Venez chanter la gloire

151 1824 2080 272 De Dieu, doux & clement,

155 2060 1635 245 Et en faites memoire

155 2283 1381 236 Perpetuellement,

160 2474 1862 263 Louez-le par vos chants

146 2688 1755 276 Es villes & es champs.

209 3089 3078 351 Chanſon ſur le chant du Pſeaume 129.

659 3360 2053 272 Des ma ieuneſſe ils m’ont fait

1140 3596 1127 227 mille maux, etc.

440 3752 2945 347 As mon eſpoux, mon ſauueur Ieſus

440 3959 721 260 Chriſt

155 4179 2882 334 Voy (par pitié) la peine que i’endure,

138 4411 3233 324 Et les tourments que me fait l’Antechriſt

133 4624 2891 325 Pour ſouſtenir ta doctrine tant pure.

280 4838 2855 307 Tes ſainctes Loix il taſche aneantir

142 5056 3060 307 Pour mettre ſus ſes ſtatuts tyranniques:

138 5274 2926 303 Renuerſant tout, il ne fait que mentir

142 5479 2811 307 Pour eſtablir ſes decrets ſataniques.

262 5706 3154 320 Et pour ce fait, il fait pendre & bruſler

146 5919 3256 348 Ceux qui de cœur retiennent ta doctrine,

138 6124 2267 298 S’il y en a qui en oſent parler

138 6338 2547 320 Incontinent il les perd, & ruine.

267 6569 2681 374 Aux vns il fait leur pays delaiſſer,

2316 6885 454 307 q .ii.
