4267 7877
792 367 288 206 40

1829 350 1575 210 CHANSONS

787 577 3291 306 Luy pardonnas par ta grand' bonté haute,

787 805 1388 223 Sans nulle faute.

989 1002 2787 306 A Simon Pierre, Apoſtre variable,

792 1212 1120 245 Fus amiable:

765 1439 3116 276 Apres qu’il t’eut meſchamment renié,

761 1654 2770 253 Et pour ſeigneur & maiſtre denié,

765 1855 2832 267 Des tiens le fis, ô bonté admirable.

765 2061 1466 240 Douce & affable!

919 2275 2647 285 I’ay trop aimé pallardiſe vilaine,

774 2498 1558 245 Qui à mort meine:

748 2691 2818 289 Mais Dauid roy, & l’adultere auſſi,

743 2931 3195 276 Furent par toy, mon Dieu, pris à merci.

743 3133 3020 289 Ainſi Seigneur, ta grand’ miſericorde

752 3343 1668 236 Ce bien m’accorde.

888 3557 2941 293 De mes pechez tu es vray lauatoire,

735 3772 1164 227 Il eſt notoire:

726 3973 2757 276 Par toy ie ſuis nettoyé & blanchi,

726 4192 2670 245 Et du malin ſeducteur affranchi:

717 4419 2932 267 Dont i’en auray eternelle memoire,

730 4625 1655 245 Te donnant gloire.

862 4848 3037 293 Ie ne pouuoy' par nul moyen en voye

717 5054 1493 258 Que cognoiſſoye,

700 5260 2831 275 Remedier à mon moindre peché.

713 5478 2880 272 Toy ſeulement en la croix attaché,

695 5697 2968 280 As ſatisfait, ce m’eſt vne grand’ ioye,

687 5903 1606 262 Digne qu’on l’oye.

870 6113 2968 324 Bien me ſuffit ta doctrine & ſcience,

695 6336 1563 298 Pour cognoiſſance

3724 6568 254 306 Que
