<?xml version="1.0" encoding="UTF-8"?>
<alto xmlns:xsi="http://www.w3.org/2001/XMLSchema-instance"
      xmlns="http://www.loc.gov/standards/alto/ns-v4#"
      xsi:schemaLocation="http://www.loc.gov/standards/alto/ns-v4# http://www.loc.gov/standards/alto/v4/alto-4-2.xsd">
  <Description>
    <MeasurementUnit>pixel</MeasurementUnit>
    <sourceImageInformation>
      <fileName>CRRS02_Chansons_spirituelles.pdf_page_126.png</fileName>
      <fileIdentifier>pdf//CRRS02_Chansons_spirituelles.pdf</fileIdentifier>
    </sourceImageInformation>
  </Description>
  <Tags>
    <OtherTag ID="BT7" LABEL="CustomZone" DESCRIPTION="block type CustomZone"/><OtherTag ID="BT8" LABEL="DamageZone" DESCRIPTION="block type DamageZone"/><OtherTag ID="BT9" LABEL="DigitizationArtefactZone" DESCRIPTION="block type DigitizationArtefactZone"/><OtherTag ID="BT10" LABEL="DropCapitalZone" DESCRIPTION="block type DropCapitalZone"/><OtherTag ID="BT11" LABEL="GraphicZone" DESCRIPTION="block type GraphicZone"/><OtherTag ID="BT12" LABEL="MainZone" DESCRIPTION="block type MainZone"/><OtherTag ID="BT13" LABEL="MarginTextZone" DESCRIPTION="block type MarginTextZone"/><OtherTag ID="BT14" LABEL="MusicZone" DESCRIPTION="block type MusicZone"/><OtherTag ID="BT15" LABEL="NumberingZone" DESCRIPTION="block type NumberingZone"/><OtherTag ID="BT17" LABEL="QuireMarksZone" DESCRIPTION="block type QuireMarksZone"/><OtherTag ID="BT18" LABEL="RunningTitleZone" DESCRIPTION="block type RunningTitleZone"/><OtherTag ID="BT19" LABEL="SealZone" DESCRIPTION="block type SealZone"/><OtherTag ID="BT20" LABEL="StampZone" DESCRIPTION="block type StampZone"/><OtherTag ID="BT21" LABEL="TableZone" DESCRIPTION="block type TableZone"/><OtherTag ID="BT22" LABEL="TitlePageZone" DESCRIPTION="block type TitlePageZone"/>
    <OtherTag ID="LT7" LABEL="CustomLine" DESCRIPTION="line type CustomLine"/><OtherTag ID="LT8" LABEL="DefaultLine" DESCRIPTION="line type DefaultLine"/><OtherTag ID="LT9" LABEL="DropCapitalLine" DESCRIPTION="line type DropCapitalLine"/><OtherTag ID="LT10" LABEL="HeadingLine" DESCRIPTION="line type HeadingLine"/><OtherTag ID="LT11" LABEL="InterlinearLine" DESCRIPTION="line type InterlinearLine"/><OtherTag ID="LT12" LABEL="MusicLine" DESCRIPTION="line type MusicLine"/><OtherTag ID="LT1330" LABEL="default" DESCRIPTION="line type default"/>
  </Tags>
  <Layout>
    <Page WIDTH="4267"
          HEIGHT="8022"
          PHYSICAL_IMG_NR="125"
          ID="eSc_dummypage_">
      <PrintSpace HPOS="0"
                  VPOS="0"
                  WIDTH="4267"
                  HEIGHT="8022">
        <TextBlock HPOS="708"
                   VPOS="634"
                   WIDTH="435"
                   HEIGHT="209"
                   ID="eSc_textblock_e3d60341"
                   TAGREFS="BT15">
          <Shape><Polygon POINTS="708 634 708 843 1143 843 1143 634"/></Shape>
          <TextLine ID="eSc_line_c53002b5"
                    TAGREFS="LT8"
                    BASELINE="802 784 1096 793" 
                    HPOS="798"
                    VPOS="646"
                    WIDTH="298"
                    HEIGHT="200">
            <Shape><Polygon POINTS="802 784 798 824 833 846 838 846 842 846 847 846 1092 828 1096 793 1096 672 1034 646 1029 646 1025 646 802 664 802 784"/></Shape>
            <String CONTENT="118"
                    HPOS="798"
                    VPOS="646"
                    WIDTH="298"
                    HEIGHT="200"
                    WC="0.9996488293011984"></String>
          </TextLine>
        </TextBlock>
        <TextBlock HPOS="1641"
                   VPOS="562"
                   WIDTH="1785"
                   HEIGHT="271"
                   ID="eSc_textblock_25914ab0"
                   TAGREFS="BT18">
          <Shape><Polygon POINTS="1641 562 1641 833 3426 833 3426 562"/></Shape>
          <TextLine ID="eSc_line_b597840f"
                    TAGREFS="LT10"
                    BASELINE="1725 766 3330 721" 
                    HPOS="1721"
                    VPOS="579"
                    WIDTH="1609"
                    HEIGHT="245">
            <Shape><Polygon POINTS="2635 606 2523 588 2519 588 2398 615 2372 592 2367 592 2363 592 2358 592 2193 623 1859 610 1854 610 1721 637 1725 766 1725 802 1979 824 1984 824 2487 811 2492 811 2496 811 2537 784 3326 784 3330 721 3317 592 3294 579"/></Shape>
            <String CONTENT="CHANSONS"
                    HPOS="1721"
                    VPOS="579"
                    WIDTH="1609"
                    HEIGHT="245"
                    WC="0.9990488737821579"></String>
          </TextLine>
        </TextBlock>
        <TextBlock HPOS="880"
                   VPOS="3588"
                   WIDTH="598"
                   HEIGHT="516"
                   ID="eSc_textblock_cfbe998f"
                   TAGREFS="BT10">
          <Shape><Polygon POINTS="880 3588 880 4077 1245 4088 1478 4104 1344 3934 1333 3588"/></Shape>
          <TextLine ID="eSc_line_13414c0d"
                    TAGREFS="LT9"
                    BASELINE="917 3995 1315 3995" 
                    HPOS="916"
                    VPOS="3583"
                    WIDTH="394"
                    HEIGHT="501">
            <Shape><Polygon POINTS="916 4031 1304 4084 1310 3990 1310 3650 1103 3583 1096 3583 1090 3583 1083 3583 916 3650 916 3990"/></Shape>
            <String CONTENT="Q"
                    HPOS="916"
                    VPOS="3583"
                    WIDTH="394"
                    HEIGHT="501"
                    WC="0.9996440410614014"></String>
          </TextLine>
        </TextBlock>
        <TextBlock HPOS="671"
                   VPOS="851"
                   WIDTH="3489"
                   HEIGHT="6007"
                   ID="eSc_textblock_115e5628"
                   TAGREFS="BT12">
          <Shape><Polygon POINTS="889 6858 671 870 3408 851 4160 3615 3834 6777"/></Shape>
          <TextLine ID="eSc_line_564864ea"
                    TAGREFS="LT8"
                    BASELINE="793 1038 3121 989" 
                    HPOS="789"
                    VPOS="833"
                    WIDTH="2332"
                    HEIGHT="267">
            <Shape><Polygon POINTS="793 1038 793 1074 1177 1100 1181 1100 1186 1100 1190 1100 1235 1069 1565 1087 1569 1087 1721 1060 1792 1087 1796 1087 1801 1087 1805 1087 1921 1056 2055 1078 2059 1078 2064 1078 2068 1078 2068 1074 2095 1047 2273 1047 2372 1074 2376 1074 2380 1074 2661 1065 2666 1065 2670 1065 2697 1042 2728 1065 2733 1065 2737 1065 2742 1065 3121 1056 3121 989 3112 860 2916 842 2911 842 2907 842 2813 864 2697 833 2693 833 2688 833 2425 877 2349 842 2345 842 2340 842 2336 842 2331 842 2331 846 2296 882 2042 886 1689 855 1685 855 1680 855 1676 855 1622 895 1444 869 1440 869 1435 869 1431 869 1386 900 789 877 793 1038"/></Shape>
            <String CONTENT="De porter ſa croix condigne:"
                    HPOS="789"
                    VPOS="833"
                    WIDTH="2332"
                    HEIGHT="267"
                    WC="0.9652164791311536"></String>
          </TextLine>
          <TextLine ID="eSc_line_8a1858c2"
                    TAGREFS="LT8"
                    BASELINE="789 1247 2314 1216" 
                    HPOS="784"
                    VPOS="1042"
                    WIDTH="1530"
                    HEIGHT="263">
            <Shape><Polygon POINTS="789 1247 789 1305 2314 1279 2314 1216 2296 1042 2175 1100 2051 1105 1680 1091 1676 1091 1672 1091 1605 1114 1547 1060 1542 1060 1538 1060 1435 1060 1431 1060 1252 1065 1248 1065 1243 1065 1186 1118 1043 1123 914 1074 909 1074 905 1074 784 1074 789 1247"/></Shape>
            <String CONTENT="Et auſſi ſoit reparé"
                    HPOS="784"
                    VPOS="1042"
                    WIDTH="1530"
                    HEIGHT="263"
                    WC="0.9844267425082979"></String>
          </TextLine>
          <TextLine ID="eSc_line_40e5a2dc"
                    TAGREFS="LT8"
                    BASELINE="807 1461 3036 1408" 
                    HPOS="798"
                    VPOS="1256"
                    WIDTH="2238"
                    HEIGHT="245">
            <Shape><Polygon POINTS="807 1461 807 1501 3036 1470 3036 1408 3027 1292 2661 1256 2657 1256 2652 1256 2550 1301 798 1314 807 1461"/></Shape>
            <String CONTENT="Le temps que le tout affins."
                    HPOS="798"
                    VPOS="1256"
                    WIDTH="2238"
                    HEIGHT="245"
                    WC="0.9649511724710464"></String>
          </TextLine>
          <TextLine ID="eSc_line_6551b37e"
                    TAGREFS="LT8"
                    BASELINE="1007 1662 2670 1631" 
                    HPOS="1003"
                    VPOS="1470"
                    WIDTH="1667"
                    HEIGHT="250">
            <Shape><Polygon POINTS="1007 1662 1007 1689 1154 1720 1159 1720 1163 1720 1248 1689 1453 1715 1458 1715 2670 1671 2670 1631 2661 1488 2577 1470 2572 1470 2305 1510 2198 1475 2193 1475 2189 1475 1975 1510 1903 1484 1899 1484 1894 1484 1890 1484 1886 1484 1836 1524 1654 1524 1618 1492 1618 1488 1614 1488 1609 1488 1507 1488 1502 1488 1498 1488 1493 1488 1493 1492 1458 1533 1208 1533 1083 1501 1079 1501 1074 1501 1070 1501 1003 1533 1007 1662"/></Shape>
            <String CONTENT="O treſſaincte Verité"
                    HPOS="1003"
                    VPOS="1470"
                    WIDTH="1667"
                    HEIGHT="250"
                    WC="0.9881503553617568"></String>
          </TextLine>
          <TextLine ID="eSc_line_17566726"
                    TAGREFS="LT8"
                    BASELINE="807 1871 2822 1840" 
                    HPOS="802"
                    VPOS="1675"
                    WIDTH="2020"
                    HEIGHT="259">
            <Shape><Polygon POINTS="807 1871 807 1934 1101 1907 1359 1929 1364 1929 1368 1929 1373 1929 1373 1925 1400 1902 1877 1920 1881 1920 1886 1920 1890 1920 1917 1898 2211 1916 2215 1916 2220 1916 2224 1916 2251 1894 2487 1911 2492 1911 2496 1911 2501 1911 2532 1885 2590 1907 2594 1907 2599 1907 2817 1880 2822 1840 2817 1724 2719 1680 2715 1680 2710 1680 2706 1680 2701 1680 2652 1715 2621 1697 2617 1697 2612 1697 2465 1729 2385 1675 2380 1675 2376 1675 2238 1675 2233 1675 2229 1675 2073 1733 2001 1711 1997 1711 1993 1711 1988 1711 1881 1738 1819 1684 1814 1684 1810 1684 1756 1684 1752 1684 1747 1684 1667 1715 1600 1689 1596 1689 1591 1689 1587 1689 1582 1689 1582 1693 1524 1747 1257 1747 1203 1724 1199 1724 1194 1724 1056 1751 989 1697 985 1697 980 1697 802 1697 807 1871"/></Shape>
            <String CONTENT="Du monde la medecine."
                    HPOS="802"
                    VPOS="1675"
                    WIDTH="2020"
                    HEIGHT="259"
                    WC="0.9833813394818988"></String>
          </TextLine>
          <TextLine ID="eSc_line_0a9ce8ec"
                    TAGREFS="LT8"
                    BASELINE="815 2085 2813 2050" 
                    HPOS="811"
                    VPOS="1902"
                    WIDTH="2002"
                    HEIGHT="250">
            <Shape><Polygon POINTS="815 2085 815 2121 958 2121 1021 2152 1025 2152 1029 2152 1257 2121 1484 2143 1489 2143 1493 2143 1573 2108 1747 2130 1752 2130 1756 2130 1814 2103 2251 2130 2256 2130 2813 2081 2813 2050 2804 1916 2693 1902 2688 1902 2684 1902 2523 1943 2345 1911 2340 1911 1984 1947 1698 1934 1694 1934 1556 1960 1444 1934 1440 1934 1435 1934 1288 1965 811 1938 815 2085"/></Shape>
            <String CONTENT="Faites qu’en vraye vnité"
                    HPOS="811"
                    VPOS="1902"
                    WIDTH="2002"
                    HEIGHT="250"
                    WC="0.9775345778465271"></String>
          </TextLine>
          <TextLine ID="eSc_line_925b547a"
                    TAGREFS="LT8"
                    BASELINE="824 2304 3049 2246" 
                    HPOS="815"
                    VPOS="2090"
                    WIDTH="2234"
                    HEIGHT="254">
            <Shape><Polygon POINTS="824 2304 824 2344 1747 2344 1747 2339 1908 2313 2184 2330 2189 2330 2376 2299 2412 2321 2416 2321 2421 2321 2425 2321 2875 2313 3049 2277 3049 2246 3036 2130 2813 2130 2715 2090 2710 2090 2706 2090 2701 2090 2697 2090 2648 2130 2608 2112 2603 2112 2599 2112 2594 2112 2514 2139 2434 2112 2430 2112 2425 2112 2421 2112 2305 2143 2202 2103 2198 2103 2193 2103 2189 2103 2184 2103 2126 2148 2028 2108 2024 2108 2019 2108 1850 2121 1845 2121 1841 2121 1792 2157 1578 2125 1573 2125 1569 2125 1493 2165 815 2157 824 2304"/></Shape>
            <String CONTENT="Par vous tout ſe determine."
                    HPOS="815"
                    VPOS="2090"
                    WIDTH="2234"
                    HEIGHT="254"
                    WC="0.9773443562013132"></String>
          </TextLine>
          <TextLine ID="eSc_line_1020513f"
                    TAGREFS="LT8"
                    BASELINE="1029 2500 3299 2460" 
                    HPOS="1025"
                    VPOS="2313"
                    WIDTH="2274"
                    HEIGHT="249">
            <Shape><Polygon POINTS="1029 2500 1029 2535 1471 2562 1475 2562 1480 2562 1547 2535 1779 2558 1783 2558 1957 2526 2189 2549 2193 2549 2198 2549 2291 2518 2639 2540 2644 2540 3045 2504 3112 2531 3116 2531 3121 2531 3299 2522 3299 2460 3290 2344 3156 2321 3152 2321 3023 2344 2916 2313 2911 2313 2907 2313 2902 2313 2898 2313 2862 2339 2808 2321 2804 2321 2800 2321 2795 2321 2706 2344 2586 2313 2581 2313 2577 2313 2572 2313 2568 2313 2568 2317 2528 2353 2269 2326 2265 2326 2117 2357 2042 2321 2037 2321 2033 2321 1819 2326 1814 2326 1810 2326 1765 2366 1680 2330 1676 2330 1672 2330 1667 2330 1507 2370 1301 2348 1297 2348 1293 2348 1208 2375 1168 2339 1163 2339 1159 2339 1154 2339 1025 2362 1029 2500"/></Shape>
            <String CONTENT="Regarde, Dieu treshautain,"
                    HPOS="1025"
                    VPOS="2313"
                    WIDTH="2274"
                    HEIGHT="249"
                    WC="0.9944596336438105"></String>
          </TextLine>
          <TextLine ID="eSc_line_36cd88d2"
                    TAGREFS="LT8"
                    BASELINE="824 2709 3312 2669" 
                    HPOS="820"
                    VPOS="2526"
                    WIDTH="2492"
                    HEIGHT="263">
            <Shape><Polygon POINTS="824 2709 824 2758 1172 2758 1208 2785 1212 2785 1217 2785 1221 2789 1350 2789 1350 2785 1471 2780 1475 2780 1480 2780 1480 2776 1507 2754 1614 2780 1618 2780 1622 2780 1627 2780 1694 2745 1850 2776 1854 2776 1859 2776 1930 2740 2198 2763 2202 2763 2207 2763 2278 2736 2389 2763 2394 2763 2398 2763 2403 2763 2528 2731 2768 2754 2773 2754 3063 2723 3303 2754 3312 2669 3308 2558 3201 2526 3196 2526 3192 2526 2969 2558 2773 2535 2768 2535 2764 2535 2759 2535 2715 2567 2648 2540 2644 2540 2434 2540 2430 2540 2425 2540 2421 2540 2421 2544 2389 2571 2260 2544 2256 2544 2251 2544 2131 2575 2086 2540 2082 2540 2077 2540 2073 2540 2068 2540 1988 2580 1698 2580 1654 2544 1654 2540 1649 2540 1645 2540 1640 2540 1520 2544 1515 2544 1511 2544 1511 2549 1471 2589 1110 2589 1052 2553 1047 2553 1043 2553 820 2553 824 2709"/></Shape>
            <String CONTENT="L’angoiſſe qui tant nous mine,"
                    HPOS="820"
                    VPOS="2526"
                    WIDTH="2492"
                    HEIGHT="263"
                    WC="0.9770319938659668"></String>
          </TextLine>
          <TextLine ID="eSc_line_cba44fdb"
                    TAGREFS="LT8"
                    BASELINE="833 2928 2777 2892" 
                    HPOS="829"
                    VPOS="2754"
                    WIDTH="1948"
                    HEIGHT="231">
            <Shape><Polygon POINTS="833 2928 833 2977 1226 2963 1252 2985 1257 2985 1261 2985 1266 2985 1270 2985 1275 2985 1319 2959 1368 2985 1373 2985 1377 2985 1747 2981 1854 2977 1859 2977 1863 2977 1863 2972 1890 2950 1993 2977 1997 2977 2001 2977 2006 2977 2117 2945 2340 2963 2345 2963 2474 2941 2652 2963 2657 2963 2661 2963 2777 2932 2777 2892 2768 2780 2519 2758 2514 2758 2510 2758 2505 2758 2479 2780 2314 2763 2309 2763 2305 2763 2300 2763 2269 2789 2042 2789 1912 2754 1908 2754 1903 2754 1899 2754 1894 2754 1850 2789 1805 2767 1801 2767 1796 2767 1618 2794 1587 2772 1582 2772 1578 2772 1573 2772 1569 2772 1565 2772 1565 2776 1538 2798 1355 2776 1350 2776 1346 2776 1288 2803 1221 2767 1217 2767 1141 2767 1136 2767 1132 2767 1128 2767 1128 2772 1096 2798 998 2772 994 2772 989 2772 829 2780 833 2928"/></Shape>
            <String CONTENT="Et de ton parler certain"
                    HPOS="829"
                    VPOS="2754"
                    WIDTH="1948"
                    HEIGHT="231"
                    WC="0.998792919019858"></String>
          </TextLine>
          <TextLine ID="eSc_line_ad3d0457"
                    TAGREFS="LT8"
                    BASELINE="842 3146 3103 3092" 
                    HPOS="833"
                    VPOS="2932"
                    WIDTH="2270"
                    HEIGHT="285">
            <Shape><Polygon POINTS="842 3146 842 3190 914 3217 918 3217 922 3217 927 3217 1034 3186 1172 3208 1177 3208 1181 3208 1186 3208 1221 3182 1368 3204 1373 3204 1377 3204 1382 3204 1417 3177 1689 3195 1694 3195 1819 3168 1966 3195 1970 3195 2260 3159 2487 3182 2492 3182 2728 3146 3098 3159 3103 3092 3094 2972 2608 2972 2537 2932 2532 2932 2528 2932 2523 2932 2438 2959 2376 2936 2372 2936 2367 2936 2363 2936 2358 2936 2300 2990 1877 2994 1783 2950 1779 2950 1774 2950 1770 2950 1765 2950 1703 2999 1573 2977 1569 2977 1565 2977 1560 2977 1560 2981 1533 3008 1453 3008 1400 2963 1395 2963 1391 2963 1386 2963 833 2985 842 3146"/></Shape>
            <String CONTENT="Deſtourne la grand famine."
                    HPOS="833"
                    VPOS="2932"
                    WIDTH="2270"
                    HEIGHT="285"
                    WC="0.9972859896146334"></String>
          </TextLine>
          <TextLine ID="eSc_line_75bf5b46"
                    TAGREFS="LT10"
                    BASELINE="1359 3346 3584 3297" 
                    HPOS="1350"
                    VPOS="3141"
                    WIDTH="2234"
                    HEIGHT="263">
            <Shape><Polygon POINTS="1359 3378 1556 3404 1560 3404 1868 3369 1939 3395 1944 3395 1948 3395 1952 3395 1957 3395 1957 3391 1961 3391 1975 3373 2559 3382 2563 3382 2568 3382 2572 3382 2572 3378 2599 3355 2737 3369 2742 3369 2973 3342 3156 3369 3161 3369 3165 3369 3232 3346 3580 3355 3584 3297 3580 3186 3468 3141 3464 3141 3459 3141 3455 3141 3330 3182 3183 3141 3179 3141 3174 3141 3170 3141 3049 3190 2933 3150 2929 3150 2831 3150 2826 3150 2822 3150 2817 3150 2817 3155 2777 3186 2603 3155 2599 3155 2594 3155 2590 3155 2532 3204 2372 3159 2367 3159 2363 3159 2358 3159 2269 3208 2220 3173 2215 3173 2211 3173 2207 3173 1939 3222 1721 3222 1663 3182 1658 3182 1654 3182 1649 3182 1645 3182 1551 3217 1458 3190 1453 3190 1449 3190 1444 3190 1350 3226 1359 3346"/></Shape>
            <String CONTENT="Antre chanſon ſur le chant,"
                    HPOS="1350"
                    VPOS="3141"
                    WIDTH="2234"
                    HEIGHT="263"
                    WC="0.9860066594900908"></String>
          </TextLine>
          <TextLine ID="eSc_line_fc88a70d"
                    TAGREFS="LT10"
                    BASELINE="1538 3547 3544 3511" 
                    HPOS="1533"
                    VPOS="3351"
                    WIDTH="2011"
                    HEIGHT="258">
            <Shape><Polygon POINTS="1538 3578 1961 3609 1966 3609 1970 3609 2042 3578 2452 3600 2456 3600 2875 3560 3031 3592 3036 3592 3040 3592 3045 3592 3085 3560 3250 3587 3254 3587 3397 3565 3459 3583 3464 3583 3468 3583 3473 3583 3544 3547 3544 3511 3535 3400 3384 3400 3294 3351 3290 3351 3286 3351 3281 3351 3187 3391 3152 3360 3152 3355 3147 3355 3143 3355 3063 3355 3058 3355 3054 3355 3049 3355 2996 3400 2938 3360 2933 3360 2929 3360 2817 3360 2813 3360 2808 3360 2804 3360 2746 3404 2545 3364 2541 3364 2537 3364 2532 3364 2474 3413 2385 3373 2380 3373 2376 3373 2372 3373 2278 3422 2033 3422 1944 3382 1939 3382 1935 3382 1805 3391 1801 3391 1796 3391 1796 3395 1765 3422 1627 3382 1622 3382 1618 3382 1614 3382 1609 3382 1533 3422 1538 3547"/></Shape>
            <String CONTENT="du Pſeau.118. Rendez à, &amp;c."
                    HPOS="1533"
                    VPOS="3351"
                    WIDTH="2011"
                    HEIGHT="258"
                    WC="0.983472583622768"></String>
          </TextLine>
          <TextLine ID="eSc_line_b9f4c5a0"
                    TAGREFS="LT8"
                    BASELINE="1315 3770 4075 3712" 
                    HPOS="1306"
                    VPOS="3551"
                    WIDTH="2769"
                    HEIGHT="299">
            <Shape><Polygon POINTS="4030 3600 3986 3592 3959 3583 3959 3587 3954 3583 3941 3583 3896 3574 3852 3565 3807 3556 3785 3551 3780 3551 3780 3556 3749 3583 3718 3556 3718 3551 3714 3551 3709 3551 3705 3551 3424 3556 3419 3556 3317 3600 2456 3600 2452 3600 2340 3623 2153 3583 2149 3583 2144 3583 2140 3583 2068 3627 1939 3609 1935 3609 1930 3609 1872 3632 1729 3592 1725 3592 1721 3592 1716 3592 1622 3636 1306 3600 1315 3770 1315 3819 1462 3819 1511 3850 1515 3850 1520 3850 1524 3850 1529 3850 1627 3814 1828 3814 1912 3846 1917 3846 1921 3846 1926 3846 1930 3846 1993 3801 2202 3801 2331 3837 2336 3837 2340 3837 2554 3801 2706 3828 2710 3828 2849 3801 2880 3823 2884 3823 2889 3823 2893 3823 3192 3819 3196 3819 3201 3819 3250 3779 3495 3810 3500 3814 3611 3814 3611 3810 3616 3810 3620 3810 3682 3770 3767 3805 3772 3805 3776 3805 3780 3805 3919 3765 4070 3783 4075 3712 4061 3605 4030 3600"/></Shape>
            <String CONTENT="Vand quelque ennuy, quelq̃ deſtreſ◊"
                    HPOS="1306"
                    VPOS="3551"
                    WIDTH="2769"
                    HEIGHT="299"
                    WC="0.9906429350376129"></String>
          </TextLine>
          <TextLine ID="eSc_line_674e1abe"
                    TAGREFS="LT8"
                    BASELINE="1350 3952 3731 3935" 
                    HPOS="1337"
                    VPOS="3770"
                    WIDTH="2388"
                    HEIGHT="287">
            <Shape><Polygon POINTS="1344 3950 1344 4057 1518 4057 1518 4051 1524 4051 1531 4051 1531 4044 1571 4011 1932 4051 1939 4051 2200 4004 2427 4037 2434 4044 2748 4044 2748 4037 2755 4037 2762 4037 2802 4004 2916 4044 2922 4044 2929 4044 3163 3997 3404 4037 3410 4037 3725 3990 3725 3930 3718 3803 3658 3770 3651 3770 3645 3770 3638 3770 2909 3810 1337 3797 1344 3950"/></Shape>
            <String CONTENT="Se vient à l’homme preſenter,"
                    HPOS="1337"
                    VPOS="3770"
                    WIDTH="2388"
                    HEIGHT="287"
                    WC="0.9593738436698913"></String>
          </TextLine>
          <TextLine ID="eSc_line_80421ba1"
                    TAGREFS="LT8"
                    BASELINE="873 4202 2773 4158 3370 4162" 
                    HPOS="873"
                    VPOS="3988"
                    WIDTH="2497"
                    HEIGHT="272">
            <Shape><Polygon POINTS="873 4202 873 4238 1413 4233 1507 4260 1511 4260 1515 4260 1520 4260 1591 4233 1819 4251 1823 4251 1966 4220 2376 4242 2380 4242 2545 4216 2617 4233 2621 4233 2626 4233 2630 4233 2693 4207 2804 4233 2808 4233 2813 4233 3027 4198 3134 4220 3138 4220 3143 4220 3259 4193 3366 4207 3370 4162 3361 4028 3245 3988 3241 3988 3103 3988 3098 3988 3094 3988 2982 4037 2603 3997 2599 3997 2487 4002 2483 4002 2380 4055 2251 4055 2193 4006 2189 4006 2184 4006 2180 4006 1948 4060 1859 4015 1854 4015 1850 4015 1845 4015 1734 4064 1538 4046 1533 4046 1529 4046 1524 4046 1524 4051 1520 4051 1507 4073 1190 4073 1101 4028 1096 4028 1092 4028 945 4033 940 4033 936 4033 873 4073 873 4202"/></Shape>
            <String CONTENT="Alors que plus le mal le preſſe,"
                    HPOS="873"
                    VPOS="3988"
                    WIDTH="2497"
                    HEIGHT="272"
                    WC="0.9871725607663393"></String>
          </TextLine>
          <TextLine ID="eSc_line_8c76b572"
                    TAGREFS="LT8"
                    BASELINE="882 4407 3317 4358" 
                    HPOS="878"
                    VPOS="4207"
                    WIDTH="2439"
                    HEIGHT="263">
            <Shape><Polygon POINTS="882 4407 882 4443 949 4470 954 4470 958 4470 963 4470 1056 4447 1297 4456 1301 4456 1306 4456 1310 4456 1310 4452 1328 4434 1377 4461 1382 4461 1386 4461 1391 4461 1484 4434 1511 4456 1511 4461 1515 4461 1520 4461 1524 4461 1529 4461 1533 4461 1578 4429 2193 4447 2198 4447 2425 4438 2430 4438 2434 4438 2434 4434 2438 4434 2452 4416 2648 4438 2652 4438 3317 4394 3317 4358 3303 4211 2844 4242 2800 4207 2795 4207 2791 4207 2701 4207 2697 4207 2693 4207 2688 4207 2635 4251 2389 4251 2233 4216 2229 4216 2224 4216 2220 4216 2220 4220 2180 4260 1979 4260 1886 4224 1881 4224 1877 4224 1872 4224 1779 4247 1631 4229 1627 4229 1622 4229 1618 4229 1618 4233 1578 4269 1466 4269 1315 4238 1310 4238 1306 4238 1194 4269 1159 4238 1154 4238 1150 4238 1145 4238 1141 4238 1043 4260 918 4242 914 4242 909 4242 905 4242 905 4247 878 4269 882 4407"/></Shape>
            <String CONTENT="Où doit-il ſon eſpoir planter?"
                    HPOS="878"
                    VPOS="4207"
                    WIDTH="2439"
                    HEIGHT="263"
                    WC="0.9711020685011341"></String>
          </TextLine>
          <TextLine ID="eSc_line_42f8e8b8"
                    TAGREFS="LT8"
                    BASELINE="882 4626 3491 4563" 
                    HPOS="878"
                    VPOS="4403"
                    WIDTH="2613"
                    HEIGHT="294">
            <Shape><Polygon POINTS="882 4626 882 4666 985 4688 989 4688 994 4688 1096 4661 1163 4688 1168 4688 1172 4688 1310 4657 1346 4688 1346 4692 1350 4692 1355 4692 1359 4697 1440 4697 1440 4692 1658 4648 1863 4679 1868 4679 1872 4679 1877 4679 1877 4675 1908 4648 2042 4666 2046 4666 2051 4666 2113 4639 2171 4675 2175 4675 2180 4675 2184 4675 2385 4630 2724 4657 2728 4657 2924 4617 2991 4652 2996 4652 3000 4657 3107 4657 3107 4652 3112 4652 3116 4652 3147 4626 3219 4643 3223 4643 3228 4643 3486 4603 3491 4563 3482 4429 3303 4403 3299 4403 3103 4447 3027 4416 3023 4416 3018 4416 2835 4452 2751 4416 2746 4416 2742 4416 2737 4416 2635 4456 2438 4425 2434 4425 2430 4425 2425 4425 2358 4470 2037 4470 2006 4443 2006 4438 2001 4438 1997 4438 1926 4438 1921 4438 1917 4438 1801 4483 1275 4487 1221 4456 1217 4456 1212 4456 1065 4456 1061 4456 878 4483 882 4626"/></Shape>
            <String CONTENT="O Seigneur, de qui l’œil regarde"
                    HPOS="878"
                    VPOS="4403"
                    WIDTH="2613"
                    HEIGHT="294"
                    WC="0.9793420376316193"></String>
          </TextLine>
          <TextLine ID="eSc_line_7e610687"
                    TAGREFS="LT8"
                    BASELINE="882 4831 3709 4777" 
                    HPOS="878"
                    VPOS="4634"
                    WIDTH="2831"
                    HEIGHT="263">
            <Shape><Polygon POINTS="882 4831 882 4871 985 4897 989 4897 1119 4871 2523 4871 2528 4871 3482 4826 3705 4844 3709 4777 3700 4666 3509 4634 3504 4634 3228 4670 3036 4643 3031 4643 3027 4643 3023 4643 3023 4648 2991 4675 2751 4657 2746 4657 2639 4679 2581 4657 2577 4657 2572 4657 2568 4657 2514 4683 2470 4661 2465 4661 2461 4661 2345 4683 2251 4661 2247 4661 2242 4661 2238 4661 2180 4688 1970 4666 1966 4666 1961 4666 1881 4692 1832 4670 1828 4670 1823 4670 1819 4670 1814 4670 1814 4675 1787 4701 1337 4701 1132 4679 1128 4679 1123 4679 1119 4679 1119 4683 1092 4706 1056 4683 1052 4683 1047 4683 905 4683 900 4683 896 4683 891 4683 891 4688 887 4688 878 4692 882 4831"/></Shape>
            <String CONTENT="En vn moment mer, terre, &amp; cieux,"
                    HPOS="878"
                    VPOS="4634"
                    WIDTH="2831"
                    HEIGHT="263"
                    WC="0.998732409693978"></String>
          </TextLine>
          <TextLine ID="eSc_line_e9cd7633"
                    TAGREFS="LT8"
                    BASELINE="909 5036 3286 4991" 
                    HPOS="905"
                    VPOS="4835"
                    WIDTH="2381"
                    HEIGHT="267">
            <Shape><Polygon POINTS="909 5036 909 5085 1154 5076 1252 5102 1257 5102 1261 5102 1475 5067 1524 5102 1529 5102 1533 5102 1538 5102 1676 5071 1819 5098 1823 5098 1828 5098 1970 5058 2073 5093 2077 5093 2082 5093 2389 5058 2479 5085 2483 5085 2487 5085 2492 5085 2603 5044 2804 5080 2808 5080 2902 5076 2907 5076 2911 5076 2911 5071 2942 5040 3174 5036 3219 5058 3223 5058 3228 5058 3232 5058 3286 5031 3286 4991 3281 4880 3174 4835 3170 4835 3165 4835 3000 4839 2996 4839 2907 4880 2858 4857 2853 4857 2849 4857 2844 4857 2840 4857 2795 4888 2563 4888 2376 4848 2372 4848 2367 4848 2363 4848 2314 4888 2140 4853 2135 4853 2131 4853 2126 4853 2126 4857 2082 4897 2024 4875 2019 4875 2015 4875 2010 4875 2006 4875 1966 4902 1489 4906 1324 4871 1319 4871 1190 4897 972 4875 967 4875 963 4875 958 4875 905 4911 909 5036"/></Shape>
            <String CONTENT="C’eſt toy qui es la ſauuegarde"
                    HPOS="905"
                    VPOS="4835"
                    WIDTH="2381"
                    HEIGHT="267"
                    WC="0.9693690326906019"></String>
          </TextLine>
          <TextLine ID="eSc_line_1efd3d32"
                    TAGREFS="LT8"
                    BASELINE="900 5254 3410 5200" 
                    HPOS="891"
                    VPOS="5049"
                    WIDTH="2519"
                    HEIGHT="267">
            <Shape><Polygon POINTS="900 5254 900 5316 1315 5290 1618 5312 1622 5312 1627 5312 1631 5312 1654 5294 1672 5307 1676 5307 1680 5307 1685 5307 1689 5307 1747 5276 1944 5276 2412 5294 2416 5294 2421 5294 2425 5294 2461 5267 2496 5294 2501 5294 2505 5294 2510 5294 2746 5290 2751 5290 2808 5263 2987 5285 2991 5285 3237 5249 3335 5276 3339 5276 3344 5276 3348 5276 3410 5245 3410 5200 3402 5080 2996 5067 2991 5067 2987 5067 2911 5089 2777 5049 2773 5049 2768 5049 2764 5049 2661 5098 2461 5098 2363 5058 2358 5058 2354 5058 2349 5058 2345 5058 2287 5093 2144 5062 2140 5062 2135 5062 2019 5102 1828 5071 1823 5071 1819 5071 1814 5071 1747 5116 1551 5116 1502 5085 1498 5085 1493 5085 1324 5080 1319 5080 1315 5080 1310 5080 1248 5125 891 5089 900 5254"/></Shape>
            <String CONTENT="De cil qui dreſſe à toy les yeux."
                    HPOS="891"
                    VPOS="5049"
                    WIDTH="2519"
                    HEIGHT="267"
                    WC="0.955467445008895"></String>
          </TextLine>
          <TextLine ID="eSc_line_3bbf1c53"
                    TAGREFS="LT8"
                    BASELINE="1047 5468 3847 5401" 
                    HPOS="1038"
                    VPOS="5245"
                    WIDTH="2809"
                    HEIGHT="299">
            <Shape><Polygon POINTS="3821 5272 3665 5245 3660 5245 3451 5290 3196 5267 3192 5267 3058 5298 2916 5263 2911 5263 2907 5263 2902 5263 2898 5263 2849 5307 2514 5312 2470 5276 2465 5276 2461 5276 2349 5276 2345 5276 2340 5276 2215 5316 2095 5290 2091 5290 2086 5290 1975 5325 1917 5294 1912 5294 1908 5294 1903 5294 1783 5330 1547 5330 1507 5298 1502 5298 1498 5298 1493 5298 1489 5298 1400 5339 1212 5307 1208 5307 1038 5321 1047 5468 1047 5517 1413 5544 1417 5544 1645 5508 1672 5530 1672 5535 1676 5535 1680 5535 1685 5539 1792 5539 1792 5535 2180 5495 2443 5517 2447 5517 2452 5517 2541 5486 2701 5508 2706 5508 2920 5477 3067 5495 3072 5495 3076 5495 3080 5495 3103 5472 3192 5499 3196 5499 3201 5499 3330 5477 3540 5490 3544 5490 3549 5490 3553 5490 3584 5463 3772 5486 3776 5486 3780 5486 3847 5450 3847 5401 3838 5290 3821 5272"/></Shape>
            <String CONTENT="Parquoy, quand la machine ronde"
                    HPOS="1038"
                    VPOS="5245"
                    WIDTH="2809"
                    HEIGHT="299"
                    WC="0.9885852221519716"></String>
          </TextLine>
          <TextLine ID="eSc_line_fa2cbef5"
                    TAGREFS="LT8"
                    BASELINE="927 5673 3165 5642" 
                    HPOS="922"
                    VPOS="5481"
                    WIDTH="2243"
                    HEIGHT="250">
            <Shape><Polygon POINTS="927 5673 927 5708 1217 5731 1221 5731 1368 5708 1529 5726 1533 5726 1538 5726 1542 5726 1569 5704 1622 5726 1627 5726 1631 5726 1917 5700 2073 5722 2077 5722 2394 5695 2831 5713 2835 5713 2840 5713 2844 5713 2875 5686 3161 5704 3165 5642 3152 5526 3067 5526 2978 5486 2973 5486 2969 5486 2965 5486 2902 5517 2849 5481 2844 5481 2840 5481 2835 5481 2523 5530 2211 5517 2207 5517 2202 5517 2149 5539 2015 5495 2010 5495 2006 5495 2001 5495 1810 5544 1636 5499 1631 5499 1627 5499 1622 5499 1507 5548 1310 5517 1306 5517 1154 5553 1079 5508 1074 5508 1070 5508 922 5508 927 5673"/></Shape>
            <String CONTENT="Toute esbranlee iroit à bas,"
                    HPOS="922"
                    VPOS="5481"
                    WIDTH="2243"
                    HEIGHT="250"
                    WC="0.9917832551331356"></String>
          </TextLine>
          <TextLine ID="eSc_line_78f0f693"
                    TAGREFS="LT8"
                    BASELINE="918 5891 3727 5833" 
                    HPOS="909"
                    VPOS="5659"
                    WIDTH="2818"
                    HEIGHT="286">
            <Shape><Polygon POINTS="918 5891 918 5945 3727 5891 3727 5833 3714 5704 3673 5704 3624 5664 3624 5659 3620 5659 3616 5659 3509 5659 3504 5659 3500 5659 3424 5700 3170 5668 3165 5668 3161 5668 3076 5708 2987 5673 2982 5673 2978 5673 2973 5673 2969 5673 2969 5677 2924 5722 2835 5722 2795 5686 2791 5686 2786 5686 2782 5686 2777 5686 2773 5686 2715 5722 2492 5708 2487 5708 2483 5708 2412 5731 2108 5691 2104 5691 2100 5691 2095 5691 2095 5695 2046 5740 1970 5740 1886 5695 1881 5695 1877 5695 1872 5695 1868 5695 1823 5731 1703 5700 1698 5700 1694 5700 1689 5700 1685 5700 1685 5704 1640 5749 1547 5753 1391 5753 1328 5708 1324 5708 1319 5708 1239 5708 1235 5708 1230 5708 1119 5758 1056 5713 1052 5713 1047 5713 909 5713 918 5891"/></Shape>
            <String CONTENT="De l’air, de la flamme &amp; de l’onde"
                    HPOS="909"
                    VPOS="5659"
                    WIDTH="2818"
                    HEIGHT="286"
                    WC="0.9876417202108047"></String>
          </TextLine>
          <TextLine ID="eSc_line_474a1581"
                    TAGREFS="LT8"
                    BASELINE="918 6110 3370 6061" 
                    HPOS="914"
                    VPOS="5905"
                    WIDTH="2456"
                    HEIGHT="263">
            <Shape><Polygon POINTS="918 6110 918 6141 1092 6168 1096 6168 1101 6168 1105 6168 1150 6141 1471 6154 1475 6154 1627 6132 1658 6154 1663 6154 1667 6154 1672 6154 1676 6154 1680 6154 1712 6132 2024 6150 2028 6150 2033 6150 2037 6150 2077 6123 2224 6145 2229 6145 2733 6110 2759 6132 2764 6132 2768 6132 2773 6132 2960 6127 2965 6127 2969 6127 2969 6123 2991 6105 3116 6127 3121 6127 3370 6110 3370 6061 3361 5936 2916 5905 2911 5905 2907 5905 2782 5949 2233 5954 2068 5922 2064 5922 2059 5922 2055 5922 2015 5958 1939 5940 1935 5940 1930 5940 1926 5940 1921 5940 1890 5963 1779 5931 1774 5931 1770 5931 1569 5971 914 5963 918 6110"/></Shape>
            <String CONTENT="Renouuelant les vieux debas,"
                    HPOS="914"
                    VPOS="5905"
                    WIDTH="2456"
                    HEIGHT="263"
                    WC="0.9978687060730798"></String>
          </TextLine>
          <TextLine ID="eSc_line_d0f775de"
                    TAGREFS="LT8"
                    BASELINE="922 6315 3611 6257" 
                    HPOS="918"
                    VPOS="6105"
                    WIDTH="2693"
                    HEIGHT="281">
            <Shape><Polygon POINTS="922 6315 922 6364 1186 6364 1230 6386 1235 6386 1239 6386 1386 6359 1515 6381 1520 6381 1743 6350 1770 6373 1770 6377 1774 6377 1779 6377 1783 6381 1890 6381 1890 6377 1894 6377 1970 6346 2282 6368 2287 6368 2291 6368 2398 6337 2425 6359 2425 6364 2430 6364 2434 6364 2438 6368 2577 6368 2577 6364 2759 6359 2764 6359 2768 6359 2817 6328 3174 6346 3179 6346 3183 6346 3187 6346 3210 6324 3232 6341 3232 6346 3237 6346 3241 6346 3245 6346 3250 6346 3294 6324 3397 6346 3402 6346 3607 6310 3611 6257 3607 6141 3549 6105 3544 6105 3540 6105 3406 6105 3402 6105 2978 6154 2599 6136 2594 6136 2590 6136 2586 6136 2550 6168 2367 6168 2220 6141 2215 6141 1966 6172 1859 6145 1854 6145 1850 6145 1845 6145 1738 6181 1622 6145 1618 6145 1614 6145 1458 6181 918 6172 922 6315"/></Shape>
            <String CONTENT="Encor, Seigneur, ie qui m’arreſte"
                    HPOS="918"
                    VPOS="6105"
                    WIDTH="2693"
                    HEIGHT="281"
                    WC="0.986814917940082"></String>
          </TextLine>
          <TextLine ID="eSc_line_1af05c72"
                    TAGREFS="LT8"
                    BASELINE="931 6529 3147 6488" 
                    HPOS="927"
                    VPOS="6328"
                    WIDTH="2274"
                    HEIGHT="263">
            <Shape><Polygon POINTS="931 6564 1159 6591 1163 6591 1168 6591 1275 6564 1654 6573 1658 6573 1663 6573 1667 6573 1667 6569 1672 6569 1685 6551 1863 6551 1894 6573 1899 6573 1903 6573 1908 6573 1912 6573 1917 6573 1944 6551 1966 6569 1966 6573 1970 6573 1975 6573 1979 6578 2162 6578 2162 6573 2376 6564 2380 6564 2385 6564 2385 6560 2412 6537 2550 6564 2554 6564 2559 6564 2666 6533 3098 6555 3103 6555 3107 6555 3112 6555 3147 6524 3201 6461 3138 6373 2898 6328 2893 6328 2889 6328 2777 6368 2621 6368 2563 6337 2559 6337 2554 6337 2550 6337 2545 6337 2501 6368 2474 6346 2474 6341 2470 6341 2465 6341 2461 6341 2456 6341 2452 6341 2412 6373 2376 6341 2372 6341 2367 6341 2282 6341 2278 6341 2273 6341 2149 6390 2019 6390 1917 6346 1912 6346 1908 6346 1903 6346 1783 6395 1582 6395 1458 6355 1453 6355 1449 6355 1444 6355 1368 6395 1293 6377 1288 6377 1284 6377 1114 6404 1074 6368 1074 6364 1070 6364 1065 6364 967 6364 963 6364 958 6364 954 6364 954 6368 927 6390 931 6529"/></Shape>
            <String CONTENT="Sur ta bonté par ferme foy,"
                    HPOS="927"
                    VPOS="6328"
                    WIDTH="2274"
                    HEIGHT="263"
                    WC="0.9940824231931141"></String>
          </TextLine>
          <TextLine ID="eSc_line_7b12daa4"
                    TAGREFS="LT8"
                    BASELINE="954 6734 3370 6698" 
                    HPOS="949"
                    VPOS="6529"
                    WIDTH="2421"
                    HEIGHT="356">
            <Shape><Polygon POINTS="954 6734 954 6854 1021 6885 1025 6885 1029 6885 1511 6881 1515 6881 1520 6881 1565 6845 1689 6872 1694 6872 1698 6872 1703 6872 1805 6805 2389 6814 2394 6814 2398 6814 2456 6791 2617 6863 2621 6863 2626 6863 2630 6863 2791 6796 3165 6854 3170 6854 3174 6854 3370 6800 3370 6698 3366 6578 3179 6529 3174 6529 3094 6529 3089 6529 3085 6529 3080 6529 3080 6533 3040 6573 2866 6573 2768 6533 2764 6533 2759 6533 2755 6533 2666 6582 2452 6586 2367 6542 2363 6542 2260 6542 2256 6542 2251 6542 2153 6591 2113 6564 2108 6564 2104 6564 2100 6564 2095 6564 2010 6591 1961 6546 1957 6546 1952 6546 1948 6546 1547 6604 1484 6604 1426 6555 1422 6555 1417 6555 1413 6555 1408 6555 1243 6609 1150 6609 1096 6560 1092 6560 1087 6560 1083 6560 949 6560 954 6734"/></Shape>
            <String CONTENT="Vers le ciel hauſſeray la teſte,"
                    HPOS="949"
                    VPOS="6529"
                    WIDTH="2421"
                    HEIGHT="356"
                    WC="0.9870195463299751"></String>
          </TextLine>
        </TextBlock>
        <TextBlock HPOS="3951"
                   VPOS="6713"
                   WIDTH="281"
                   HEIGHT="272"
                   ID="eSc_textblock_1860ad25"
                   TAGREFS="BT17">
          <Shape><Polygon POINTS="3951 6985 3951 6713 4232 6713 4232 6985"/></Shape>
          <TextLine ID="eSc_line_ac9026b7"
                    TAGREFS="LT8"
                    BASELINE="4008 6890 4202 6890" 
                    HPOS="4006"
                    VPOS="6718"
                    WIDTH="194"
                    HEIGHT="321">
            <Shape><Polygon POINTS="4139 6718 4073 6718 4006 6718 4006 6885 4006 7039 4200 7019 4200 6885 4200 6725 4146 6718 4139 6718"/></Shape>
            <String CONTENT="Sa◊"
                    HPOS="4006"
                    VPOS="6718"
                    WIDTH="194"
                    HEIGHT="321"
                    WC="0.7407772988080978"></String>
          </TextLine>
        </TextBlock>
      </PrintSpace>
    </Page>
  </Layout>
</alto>
