4267 7737
559 481 1750 189 SPIRITVELLES.

266 704 2822 271 Chanſon ſur le chant du Pſeaume 1oa.

645 941 2060 258 Sus ſus mon ame il te faut dire

1238 1156 770 228 bien, et c.

497 1328 2808 303 Eluy qui croit que Dieu eſt ſon Sau¬

555 1598 490 187 ueur,

258 1753 2611 275 Et qui attend de luy bien & faueur:

262 1985 3058 250 Ne doit iamais (quoy que Sata machine)

253 2196 2624 254 Se desborder contre la Loy diuine.

382 2398 2921 275 Or nous ſçauons que Dieu a defendu,

258 2609 2783 266 Que nul honneur ne ſoit fait ne rendu

253 2824 3076 279 Aux marmouſets, faicts de bois, ou de

344 3060 456 215 pierre,

253 3232 3076 292 Etqu’autremẽt noꝰ luy faiſons la guerre.

331 3455 2503 267 Il veut auſsi ſans nulle exception,

296 3670 2284 258 que nous fuyons l’abomination

266 3868 2805 288 Qui ſe commet en ceſte Meſſe infame,

213 4061 3098 329 Qui les humains deſtruit en corps &

378 4324 379 189 ame.

331 4500 2968 309 Maintenant donc, gens qui vous def¬

382 4728 504 227 guiſez,

249 4921 2708 279 Eſtimez-vous pouuoir eſtre excuſez

240 5136 2839 279 En vous ſouillant en vne telle ordure,

245 5351 3067 292 Et que touſiours le Seigneur vous endure?

314 5570 2800 280 Ne penſez pas contre Dieu diſputer:

253 5776 2745 263 Car il ne faut qu’vn mot pour reſuter

262 5978 2779 288 los argumens & vos repliques folles,

236 6189 2766 275 Et vos ergots, comme choſes friuoles,

318 6404 2555 322 Il n’y a nul de ſi lourd iugement,

264 1295 207 497 C

3054 524 253 258 253

2348 6705 348 228 1'.3
