4267 8012
3175 551 156 232 71

663 587 1773 240 SPIRITVELLES.

160 814 2980 321 Qu'elle mangea du fruict non ordonné:

160 1041 2525 294 Car elle fut en la foy mout debile

213 1250 2784 294 Le pere Adam de croire trop facile

164 1486 2619 276 Fut à ſa femme alors tant addonné,

164 1686 2526 268 Et ſermonné, qu’il fut abandonné

169 1891 3153 312 A en manger, las que l’homme eſt fragile!

293 2123 2655 267 Lors à la mort criminelle & ciuile

178 2336 2681 263 Par ſon peché & mal fut condamné,

178 2541 2614 245 Et reietté de Dieu comme damné:

187 2764 2699 262 Car il n’eſtoit au monde rien ſi vile.

293 2977 3092 272 Pour garder l’huis de la treshaute ville.

195 3200 2326 245 Vn Cherubin fut là determiné.

195 3418 2740 249 Tenant au poing vn glaiue deſgainé.

195 3627 2749 254 Glaiue trenchant & glaiue verſatile.

298 3836 2891 263 Pour appaiſer de Dieu l’ire indicible,

191 4054 2156 245 Le bon Abel de foy illuminé

200 4281 2107 241 Sacrifia: ſon peché pardonné

195 4491 2878 249 Eſtre ne peut, car l’homme eſt inutile.

320 4704 2619 250 Oblations de pains faits de ſimile,

191 4905 2183 253 Et ſacrifice à Dieu fut amené

195 5127 3221 223 De bœufs, de veaux: mais tout biẽ demené

200 5341 3078 249 D'appaiſer Dieu, par ce il eſt impoſſible.

298 5550 3047 263 L’hõme n’auoit en ſoy rien de poſſible,

195 5764 2317 240 Et ſon proces eſtoit ia fulminé

191 5973 2775 240 Il luy faut donc Chriſt incontaminé,

195 6200 2758 236 Pour appaiſer l’ire de Dieu horrible.

316 6409 2788 249 Au temps preueu du celeſte concile

195 6605 2704 334 En Bethleem le Fils de Dieu eſt né,

2195 6881 535 245 e .iiii.
