4267 7559
3082 447 245 334 363

894 369 1495 248 CANTIQVES.

235 608 2343 273 Ou quelle image eſt conuenable

235 831 2058 239 Pour repreſenter l’immortel?

331 1024 2033 265 L’ouurier ſubtil & diligent,

239 1243 1999 243 Des images en taille & dole:

226 1444 2041 252 L’orfeure d’or fait ſon idole,

226 1654 2146 277 L’argentier, de lames d’argent.

319 1889 1990 223 Le poure meſmes cerchera

226 2082 2130 252 Quelque beau bois & de duree

218 2288 1613 244 Pour ſa deuotion iuree,

209 2486 1727 256 Et vn bon tailleur eſlira.

277 2704 2142 269 Il ſera ſoigneux meſmement,

214 2893 2083 277 De l’aſſeurer qu’elle ne gliſſe,

214 3111 2066 273 Qu'elle ne ſe gaſte & pourriſſe:

214 3338 2230 260 O◊ens de poure entendement!

264 3552 2310 252 Ne l’auiez vous pas clairement

201 3729 1873 273 Ouy & ſeu? Gens inſenſees?

205 3964 1995 239 Vous auoit-on pas annoncees

197 4165 2243 257 Ces choſes au commencement?

281 4371 2406 277 N’en eſtes vous meſmes inſtruits

197 4568 2066 265 Par les fondemens de la terre?

188 4778 2403 286 Auſquels, ſi lon s’en veut enquerre,

193 5005 2406 256 Il en menent & font grans bruits.

243 5207 2306 269 Le Seigneur ſied deſſus les eaux

188 5408 1756 248 Et ſur toute la terre ronde:

184 5606 2566 294 Tous les humains qui ſont au monde

176 5828 2360 269 Ne ſont vers luy que vermiſſeaux.

239 6030 2570 306 Comme vn rideau il tend les cieux:

176 6223 2068 361 C'eſt ſa demeurance d’eſlite,
