4267 8012
3077 498 259 280 159

632 498 1737 209 SPIRITVELLES.

195 721 2700 218 Elle eſt de Dieu, non de la creature:

195 943 3185 209 Qui auroit tout ſans elle, il n’auroit rien.

285 1152 2797 205 Si l’homme eſtoit bon rhetoricien,

195 1357 2864 249 Et la langue euſt d’Angelique nature

200 1575 2873 236 Diuinement, non d’humaine facture,

200 1798 2797 213 Sans charité, tout ne luy ſert de rien.

325 2003 3037 240 S’il cognoiſſoit clairement, ſans moyẽ,

218 2216 2962 232 Tous les ſecrets de la ſaincte Eſcriture,

209 2421 2833 267 Et de tous points l’intelligence pure,

218 2648 1207 209 Sans charité, &c.

334 2857 2935 245 Si foy auoit ſans demander combien,

227 3080 2770 253 Voire qu’il peuſt par ſa ſeule parlure

213 3284 2944 259 Mõts trãſporter ſans leur faire fracture,

213 3503 1198 240 Sans charité, &c.

351 3716 2989 249 Quand il voudroit à chacun dire, rien

218 3948 3078 236 Donnant ſes biens d’vne intention pure

222 4161 2784 254 Aux indigens, pour auoir nourriture,

231 4366 1198 240 Sans charité, &c.

240 4584 3185 254 Quand ie donrois à bruſler le corps mien

249 4807 2565 236 Tout à vn coup, & endurer arſure,

240 5016 3064 267 D’endurer mort ou autre grand' torture,

236 5221 1193 253 Sans charité, &c.

356 5457 2356 235 Charité a gracieux entretien,

231 5661 2846 245 Souffre tout mal, toute parole endure

227 5888 3122 232 Patiemment ſans courroux ou murmure

231 6089 2726 236 Car charité ne penſe que tout bien.

307 6302 3135 245 Pour mal-diſans ne chãge ſon maintiẽ,

222 6520 3234 348 Rend bien pour mal, & grace pour iniure,

2218 6752 521 307 l .ii.
