4267 7849
881 680 340 179 104

1854 645 1566 205 CHANSONS

1047 889 2958 236 Comme vn lion guette parmi les bois,

855 1090 2665 226 Ainſi Satan cerche pour me rauir:

837 1303 3168 227 Ie vien vers toy, Seigneur, enten ma voix,

842 1504 3062 222 Et promptement vueille moy ſecourir.

1082 1709 2940 227 Tout mõ pouuoir, ma force, ma vigueur

842 1914 2639 222 Et mon ſecours, & ma protection,

850 2106 3155 244 Viẽnent de toy, mon Roy & mõ Seigneur,

846 2328 2613 214 Pource ie vien à toy ſans fiction.

1016 2520 2897 235 Ie demande eſtre à toy bien conuerti,

842 2725 3163 240 Non point par moy, mais par ton bõ vou¬

3651 2943 341 255 (loir

837 2904 2651 242 Par mon peché ie me ſuis diuerti.

842 3135 3158 235 Sans toy mon Dieu, ie ne peus riẽ valoir.

1029 3340 2858 231 Dieu dit ainſi aux pecheurs diuertis,

850 3536 3006 244 Qui ont laiſſé ſon droit & ſeur chemin,

859 3750 2779 218 O malheureux, ſi n’eſtes conuertis,

883 3931 2500 248 Vous irez tous en enfer à la fin.

1016 4146 2949 249 Ses dars aigus ſont vaiſſeaux de la mort,

828 4364 3063 240 Ses traicts poinctus ont le fer mout aigu,

828 4556 3059 253 Les obſtinez pecheurs, pour ſon renfort,

842 4774 2657 231 Il traitte en ire, en fureur & argu.

1007 5005 2958 214 Poures pecheurs, craignõs les iugemens

820 5175 3063 245 Du Seigneur Dieu, & obſeruons ſa Loy:

820 5380 3141 249 Non ſeulement de peur des griefs tormés,

811 5590 2718 240 Mais par amour, par charité & foy.

807 5790 2879 223 Il a donné commandemens treſdoux

820 6000 2792 235 A ſes enfans, pour les faire en eſprit:

807 6191 2757 253 Il eſt le pere, & le frere, & l’eſpoux:

807 6396 2884 293 Seruons à luy, & laiſſons l’Antechriſt.

3568 6654 367 244 Autre
