4267 8022
775 552 353 236 122

1707 503 1614 241 CHANSONS

775 757 2399 232 Sur bons & ſur mauuais luire,

980 984 1717 214 Illumine nos eſprits,

784 1198 1998 232 Pour au celeſte pourpris

784 1390 2390 254 Heureuſement les conduire.

1957 1608 1092 214 Autre chanſon.

994 1813 3054 245 Le haut tõnant, ſous qui fremit le mõde,

807 2036 3245 241 Qui d’vn clin d’œil fait terre & cieux

958 2286 896 178 mouuoir,

820 2455 3201 236 Voit les malins contre moy s’eſmouuoir,

807 2665 3245 245 Et de leurs cœurs le plus profond il ſonde.

963 2887 3085 241 Puis dit ainſi, Quoy que la troupe grõde

802 3092 2983 223 De ces haineux te voulans deceuoir,

815 3311 3229 236 Crains tu pourtant que mõ diuin pouuoir

829 3511 3223 237 Tous leurs conſeils ne diſſipe & cõfonde?

1016 3734 3028 232 Pourſui, pourſui, chante touſiours mon

1034 3935 602 209 Nom:

820 4153 2617 236 Ie garderay ta vie & ton renom:

824 4363 3179 236 Laiſſe ta peur & ſur moy t’en deſcharge.

1021 4581 3018 236 Biẽ dõc, Seigneur, ma peur ie laiſſeray,

829 4795 2755 218 Et de chanter iamais ne ceſſeray,

833 4995 3215 263 Puis qu’il te plaiſt me cacher ſous ta targe.

1832 5200 1104 261 Autre chanſon.

1043 5419 2996 249 Ce meſchant corps demande gueriſon,

842 5637 3099 232 Mon frere cher, & l’eſprit au contraire

847 5847 3134 240 Le veut laiſſer, comme vne orde priſon.

856 6052 3201 231 L’vn tẽd au mõde, & l’autre à s’ẽ diſtraire:

878 6274 3090 246 C’eſt grand pitié que de les ouir braire.

864 6475 2948 294 Ha, dit le corps, faut-il mourir ainſi?
