4267 7559
978 575 332 197 216

1906 550 1311 180 CHANSONS

1117 776 2343 248 N’y a il droict, n’y a il eſcriture,

970 999 2713 231 Par qui ie ſois prouuee & maintenu?

970 1213 2625 202 Ie ne me puis maintenir toute nue.

982 1398 2688 222 Car verité contre moy fait procure:

1087 1595 2919 227 Tous mes ſuppos maintenez voſtre meſſe

978 1801 2965 227 A vous me plains, bien dolente & marrie:

986 2003 2617 205 Car voſtre pance en a eſté nourrie,

1003 2179 2835 231 Vous la perdrez s’ainſi lon me delaiſſe.

1121 2385 2835 235 Si n’ay ſecours de vous auſquels me fie,

986 2582 2302 214 Diuerſitez de beſtes inſenſees,

978 2775 2843 248 Raſes au chef, ſeront bien mal penſees

982 2985 2298 219 Car verité puiſſante me deffie.

1066 3191 2940 227 Tous mes chaſteaux, prieurez, & chapelles,

995 3388 2835 210 Clochers & croix, monaſteres & cures

986 3586 3045 235 Belles chanſons, mes marchez & mes foires

986 3796 2924 235 Ruiner vois, puis que la mort m’appelle.

1121 3989 2847 244 Mes cõpagnons mõſtrez voſtre vaillãce:

986 4195 2789 231 Si verité par droit ne pouuez vaincre,

991 4388 3028 243 Par ſaincts eſcrits, par la plume, & par encre,

995 4602 2612 223 Bruſlez, noyez, tuez en abondance.

1138 4787 2751 252 A droit ou tort faut que ceſt Euangile

991 4993 2629 235 Soit rué ius, ou du tout ſuis perdue,

999 5190 2705 244 Heureuſe plus ſerois d’eſtre pendue,

1007 5387 3029 265 Qu’aupres de luy eſtre en village ou ville.

1142 5589 2864 244 Si le pouuez par voſtre effort confondre

999 5795 2852 239 De mon threſor plus riches vous feray

1016 5996 2356 252 Que n’eſt Midas, & ſi ſatisferay

999 6206 3028 294 Aux queſtions, car ie ſçay bien reſpondre,

3763 6391 302 252 C'eſt
