4267 7656
804 429 370 238 242

1884 425 1353 217 CHANSONS

804 650 2892 251 Mais le vent tire, & ſouffle là ſi droit,

816 863 2570 247 Que de la boitte il oſte la ſallade,

812 1088 2850 213 Le dieu fait lors en terre la gambade:

808 1284 2735 230 Doncq' le caphard au malade venu.

838 1488 3071 251 (Sans ſon dieu blanc) pour fol il eſt tenu:

833 1701 2868 230 Car on luy dit, Frere vous eſtes beſte,

825 1909 2629 234 D’auoir ſi mal voſtre dieu retenu,

855 2122 2986 234 Veu que ſans luy ne pouuez faire feſte.

1488 2335 1902 229 Autrement dudit Thibaut.

1029 2539 2948 229 Frere Thibaut, voulez-vous point laiſſer

846 2751 3131 222 Voſtre viel homme, & à Ieſus vous rendre?

855 2964 3118 238 Voulez-vous point voſtre orgueil rabaiſ¬

1046 3134 374 255 ſer,

833 3360 2914 255 Pour l’Euangile en humilité prendre?

829 3585 2816 213 Si cela n’eſt, il vous faudra deſcendre

833 3798 2995 200 Au fond d’enfer, auec les mal-heureux:

833 4010 3136 230 Enſuyuez donc le ranc des bien-heureux,

842 4219 2723 238 Si que par foy voſtre ame ſoit rauie

846 4444 2872 209 Pour ſeruir Dieu purement auec eux,

850 4640 3110 251 Changeant du tout voſtre meſchante vie.

1676 5028 1697 267 Chanſon ſur le chant,

1854 5282 1302 221 Le voir, l’ouir, &c.

1251 5646 2715 287 E voir, l’ouir ne ſeruiroyent de rien,

1251 5856 2741 313 Quand l’Euangile eſt preſché ſim¬

1042 6146 783 212 plement,

846 6311 3008 285 Sinon que Dieu euſt vn ſecond moyen,

868 5659 326 504 L

3688 6507 319 260 Pour
