4267 7821
603 469 1691 265 CANFIOVES.

191 716 1590 283 Peſſus luy ſe hazarder.

273 925 2516 313 Soit qu’vne eſpee on luy baille,

199 1190 1421 243 Il ne ſe peut garentir

199 1373 1747 260 De l’effort d’vne bataille

199 1598 2247 270 Quand ſur luy voudroit ſortir.

265 1833 1885 222 Ainſi eſt-il tout notoire,

217 2020 2311 278 Qu’ils ne ſauroyent eſtre dieux:

199 2255 2399 243 En eux donc ne vueillez croire,

199 2463 2464 265 Ny quelque crainte auoir d’eux.

260 2667 2242 248 De tous ces dieux- ne differe.

204 2902 1690 261 Ie pot qui ſeruit à peu,

199 3124 1960 256 Etprofit ne peut plus faire,

204 3345 2103 235 buis qu’vne fois eſt rompu.

217 3545 3037 278 V'oid-on pas que leurs yeux s’emplent

199 3775 1882 239 Par la pouſſiere des preds

199 3984 2425 248 De ceux-la qui les contemplent

195 4192 1868 222 Comme dieux ſanctifiez?

295 4423 2477 243 Comme en priſon on enferme

208 4636 1921 252 Celuy qu’a bleſſé vn roy,

217 4849 1777 234 Pour faire finir le terme

208 5057 1873 256 De ſes iours, ſelon la loy,

278 5270 1833 252 Ainſi de fer on cheuille

230 5500 2346 248 leurs grandes portes, de peur,

230 5704 1968 244 Que le larron ne les pille¬

230 5935 2324 230 A leur honte & deshonneur

308 6139 2381 265 On leur offre grand’lumiere:

221 6356 2025 239 Mais ils ne ſauroyent auoir

212 6582 2073 300 Puiſſance en nnlle maniere

3019 460 318 309 313

2242 6756 517 295 x. ilij
