4267 7568
841 285 274 198 60

1843 302 1544 189 CHANSONS

839 1923 328 473 E

841 538 2592 239 Aux combats, ou ie me tien ſeur.

1030 735 2100 248 L’eſpoir d’Iſrael en toy eſt

833 941 2318 240 Et en ta grand’ miſericorde.

837 1143 2348 244 Redemption pleine nous fait

833 1345 2306 256 Ieſus, qui à toy nous accorde.

1035 1551 2924 269 Chanſon ſur le chant, du Pſeaume.27.

1691 1778 1528 235 Le Seigneur eſt la, &c.

1224 1936 2695 277 Sprit, eſprit, tu es prompt & habile,

1224 2163 2430 258 Voire ie dy par trop audacieux,

812 2375 3084 256 Ne voyant point que la chair eſt debile

807 2585 2555 215 Pour endurer le combat furieux

824 2795 2803 240 Qui par Satan le meurtrier enuieux

807 2993 3148 257 Pour ton malheur à tous coups t’eſt liuré?

799 3207 2803 244 Leue tes yeux à ton Dieu gracieux,

795 3405 2584 244 Si tu pretens d’eſtre toſt deliuré.

976 3607 2836 265 Mets en luy ſeul toute ta confiance,

791 3809 3143 260 N’eſtimant rien tout le pouuoir humain:

799 4015 2415 248 Il briſera l’infernale puiſſance

786 4221 2689 256 De l’ennemi, par ſa robuſte main.

782 4423 3118 269 Delaiſſe donc l’appuy de l’homme vain,

803 4637 2677 248 Te repoſant ſur ton Sauueur Ieſus.

786 4839 2710 252 Et l’ennemi (tãt ſoit-il inhumain)

782 5045 2626 256 Sera mis bas par le Roy de là ſus.

980 5242 2984 282 Ne crain donc plus la malice & cautelle

774 5444 2870 278 Du vieil ſerpent qui te vient afſaillir,

778 5654 2529 261 Puis que tu as vne defenſe telle,

820 5839 2866 303 Qui au beſoin ne te veut point faillir:

782 6071 2841 302 Et fay de toy crainte & doute ſaillir:

3728 6331 281 236 Car
