4267 7821
295 669 2325 234 Jes cordons rompre & froiſſer.

364 886 2512 248 Puis donc qu’on void manifeſtes

287 1081 1663 281 Ieurs abus, où eſt celuy

330 1320 2138 257 Qui les croyans dieux celeſtes

295 1551 2216 239 Poit mettre en eux ſon appuy?

351 1751 2134 256 Car l’orfeure les compoſe.

280 1942 1468 254 lt les faiſant, ne ſera.

293 2209 2068 228 Etne peut eſtre autre choſe

293 2385 2068 274 Que tout ce qu’il luy plaira.

325 2611 2338 252 Deſſous la mort ſont ſubiettes

274 2802 2231 293 Ioutes mains qui les ont faits:

273 3050 2038 234 Choſes donc par elles faites

260 3239 2049 273 Ptront-elles dieux parfaits?

287 3441 2472 267 Veux qui les faire ont eu peine,

295 3693 2538 265 l'eu qu’ils n’ont fait nuls profits)

247 3890 2056 255 Pnt laiſſé opprobre & haine

313 4112 1618 248 vitupere à leurs fils.

313 4347 2283 267 Quand les Martiaux outrages

247 4549 1879 273 Pans ces pays s’enfleront,

260 4770 1866 235 Auec leurs fauſſes images

252 4988 1864 247 les preſtres ſe cacheront.

321 5205 2251 256 En quoy donc eſt-il poſſible

282 5418 2664 269 M’ils ſoyent dieux en aucun poinct,

278 5639 2446 252 Quand de guerre & mal horrible

234 5826 1860 293 ls ne ſe defendent pointe

312 6061 2547 282 Quoy qu’on les argente & dore,

228 6256 2179 287 Iout ainſi qu’à l’ouurier plaiſt,

241 6484 2042 326 A combien qu’on les adore,

703 404 1595 256 CANTIOVES.

3046 456 385 319 929
