4267 7925
3051 563 203 207 49

656 545 1743 243 SPIRITVELLES.

114 783 3126 308 Sachés pour vray qu’ores torne la chãce.

233 1008 3074 277 Vous auez beau vos fables tãt preſcher,

127 1223 2854 273 Pour nous cuider du ſalut empeſcher,

118 1426 3193 286 Dõt ſommes ſeurs: dont leués les muſeaux,

132 1651 3183 268 Criãs ſur noꝰ, comme aſnes & gros veaux,

132 1857 3192 282 Prenons ceux la qui en Chriſt ont fiance,

136 2073 2986 286 Puis que le Pape en a fait l’ordonnance.

246 2298 3078 264 Faux ſeducteur, qui rien de luy ne tiens,

149 2505 2814 268 O Antechriſt, qui deuores mes biens,

145 2716 2668 273 Puant dragon, qui du ſang des petis

158 2954 2246 260 Es enyuré ſuyuant tes appetis,

167 3139 2510 255 Suis-ie ſerui par ta maudite meſſe

176 3328 3175 269 Contre mon Fils qui eſt leur ſeule adreſſe?

295 3570 2593 251 Ie ne veux plus endurer ta poiſon,

167 3768 2585 260 Ne tes edits contre droit & raiſon,

176 3975 3192 256 Ceux de mõ Chriſt, ie les tiẽ toꝰ des miẽs:

184 4178 3197 255 C’eſt mõ troupeau, le meilleur de mes biẽs

184 4402 3189 260 Miens ie les di, car par vaux & montagnes

206 4618 3057 242 Vont honorant mõ Fils, & par cãpagnes.

325 4834 2678 242 En m’inuoquant, les fideles diront,

202 5036 2589 264 Que par luy ſeul le ciel heriteront:

198 5256 2589 243 Et moy, ie di au Papiſte meſchant,

198 5468 3201 246 Pourquoy vas-tu cõtre ma Loy preſchant,

202 5679 2810 238 En t’oppoſant à mon ſainct Euangile,

220 5877 3113 247 Veu qu’il rend fort l’hõme qui eſt debile?

334 6089 2986 237 Mes ſaincts edits chacũ des miẽs reçoit

224 6326 3039 229 Maugré tes feux, ou torment que ce ſoit,

228 6538 2916 268 Laiſſans du tout tes canons loin & pres

2492 6745 343 255 d .i.
