4267 8012
3077 427 352 213 247

699 405 1826 231 SPIRITVELLES.

218 640 1657 281 Qu’il ſoit loué de moy

209 885 1786 241 En tout temps & ſaiſon,

213 1094 2134 254 Comme mon Dieu & Roy.

1144 1317 1185 218 Autre chanſon.

298 1531 3047 231 Helas mon Dieu, tu ſçais où ie pretens:

200 1744 2378 241 Iete ſupplie à la clameur entens

195 1945 3252 258 De moy ton ſerf, qui lamente & ſouſpire:

200 2176 3078 236 Si ie n’ay pas bien emi loyé mon temps,

195 2385 2931 232 Pour te ſeruir de ma force & mon ſens,

195 2594 2913 245 Pardonne-moy le tout, ſouuerain Sire.

1086 2835 1136 209 Autre chanſon.

325 3035 3126 254 Auant mes iours pas ne pourray mou¬

436 3293 334 174 FIr,

178 3454 2726 240 l’ay beau trotter, tracaſſer, & courir,

178 3689 2579 227 Dieu a en ſoy de mavie le terme,

178 3912 2672 223 le ne puis pas entre ſes mains perir:

182 4112 3278 218 Car ſon decret touſiours demourra ferme,

187 4326 2828 245 C’eſt donc à luy que ie doy recourir.

1086 4562 1163 218 Autre cl'anſon.

280 4753 2632 245 Mon cœur chante ioyeuſement,

173 4985 2201 222 Et mon ame eſt au cielrauie,

173 5185 2356 214 Quand il me ſouuient de la vie

182 5403 2281 232 Qui nous attend aſſeurément:

182 5626 2539 227 C’eſt là tout mon contentement,

178 5830 2147 250 Et mon ame en eſt aſſouye.

1184 6057 1190 210 Autre chanſon.

329 6258 3033 249 O triſte cœur qui point ne ſe contente

191 6467 2748 307 D’vn ſeul Ieſus, & de ſa pure grace:
