4267 7533
3023 435 318 268 299

967 418 1457 239 CANTIQVES.

192 673 2806 247 Es treshauts lieux, & luy a fait manger

184 874 3124 272 Des fruits des chãps la moiſſon & vẽdenge.

314 1088 2554 251 Il luy a fait ſuccer de pierre eſpeſſe

180 1284 2717 230 L’huile & le miel, & le beurre mollet

180 1506 2793 239 Des vaches prins, & des brebis le laict,

180 1703 2596 247 Et des Agneaux la delicate graiſſe.

305 1912 2898 260 Des gras Moutõs & Boucs eut en viãde,

171 2100 2940 277 Auec des Daims la graiſſe & le froment,

163 2322 2546 235 Et le doux ius du raiſin largement:

163 2506 2944 281 Dont il beuuoit la boiſſon plus friande.

247 2720 2546 263 Cil qui deuoit eſtre adroit & vtile,

154 2925 2689 268 S’eſt engraiſſé regimbant. Or t’es-tu,

154 3138 2806 276 Delaiſſant Dieu, fait gros, gras & teſtu:

150 3339 2245 260 ◊ ſalut as eu la pierre vile.

209 3536 2776 284 Prouo◊é l’ont par l’eſtrange ſeruice

142 3724 2634 289 Des dieux ◊entils, & l’ont fort irrité,

129 3963 2349 247 Et à courrou◊ par trop l’a incité

125 4147 2730 268 De tels meſchans l’abominable vice.

217 4364 2852 256 Sacrifié n’ont à Dieu, mais aux diables,

129 4565 3120 272 Aux dieux leſquels ne leur eſtoyent co¬

259 4796 394 217 gnus,

133 4971 3103 281 Aux Dieux nouueaux prochainement ve¬

234 5206 348 184 nus,

142 5377 2914 285 Qui n’ont eſté aux peres redoutables.

205 5591 2340 259 Delaiſſé as celle pierre feconde,

117 5792 2378 255 Dont engendré tu fus & annobli:

113 5997 2550 259 Or as-tu bien mis le Dieu en oubli,

117 6197 2847 339 Qui t'a formé, duquel tout bien abonde.
