4267 7925
3192 581 150 233 57

700 581 1779 215 SPIRITVELLES.

235 3161 319 458 O

259 823 2220 255 Pour nous deliurer de cela,

158 1043 2316 255 Ton Fils Ieſus eſt né pour nous:

162 1268 1797 233 En tẽps certain ſe reuela

171 1461 2418 260 Noſtre ſauueur & noſtre eſpoux,

176 1686 2510 260 Leq̃l ſouſtint pour nous les coups,

180 1932 1537 207 Et comme aigneau,

184 2108 2374 238 Fut mis à mort des cruels loups,

189 2315 2549 251 Mettãt pour nous ſa chair & peau.

563 2527 2334 224 Autre chanſon, ſur le chant,

713 2734 2307 259 Tous les regrets qu’oncques furent

1373 2967 1128 220 au monde, &c.

554 3130 2860 297 Vous paſteurs qui regentez le mõde,

554 3354 2887 278 Regardez biẽ en quel chemi & voye

237 3583 3224 238 Vous cõduiſez moutons, & de quelle onde

224 3799 3232 251 Les abbreuuez: riẽ n’eſt que Dieu ne voye

334 3997 3127 273 Nourriſſez les du pain, qu’õ fait & fonde

237 4217 3219 265 Des S. eſcrits, gardez vous biẽ qu’on n’oye

233 4433 3122 255 De voſtre bouche iſſir parole immonde:

246 4658 2990 251 Tous vos propos ſeront en ſaincte ioye.

369 4865 3109 237 Chãtez à Dieu, à Dieu, en voix profonde,

242 5063 3232 251 Et delaiſſez de vos chants prendre proye:

251 5283 3236 246 Gardez vous bien que le loup ne cõfonde

246 5494 3237 256 Brebis, moutons, poulle, chappon, & oye.

391 5706 2960 246 Aucuns de vous ont relaſché la bonde

242 5934 3245 234 A tout peché, pour Dieu qu’on y pouruoye

273 6141 3025 229 Car tout le mal qui aux brebis abonde,

251 6344 3309 251 Souuent prouient du paſteur qui deſuoye

391 6568 2964 287 Poures paſteurs, voicy ou ie me fonde,
