4267 7331
1088 162 342 245 298

1968 166 1467 233 CANTIQVES.

1100 415 2657 228 Ceux qui ne ſont de ſes enfans eſleus:

1063 623 2645 228 Genre peruers, race trop deteſtable.

1267 826 2657 232 O peuple fol, mau-ſage, quiers-tu eſtre

1137 1042 2771 212 Vers ton Seigneur par ce recompenſeur?

1104 1213 2731 245 Mais n’eſt-il pas ton pere & poſſeſſeur?

1137 1413 2620 232 T’a-il pas fait, & formé de ſa dextre?

1206 1629 2608 224 Du temps iadis les ans paſſez remire,

1067 1836 2478 224 Et quand par toy interrogué ſera

1124 2036 2417 216 Ton pere en brief le te racontera,

1100 2227 2824 220 Et tes vieillars t’en ſauront bien que dire.

1263 2435 2665 228 Le Souuerain lors que comme heritage,

1137 2622 2547 237 Toutes les gens, & hommes diuiſa,

1124 2822 2433 220 Ainſi les fins des peuples diſpoſa,

1141 3030 2767 244 Que d’Iſrael eſt le nombre & partag◊

1312 3229 2616 232 Au Seigneur eſt ſon peuple pa◊cherie,

1137 3425 2710 244 Et de ſon bien Iacob eſt le co◊eau:

1124 3610 2550 238 Il l’a trouué en vn deſert ſans eau,

1141 3828 2543 220 Où eſt horreur, ſolitude & crierie.

1344 4019 2085 245 Il en a eu cure perpetuelle,

1132 4211 2495 256 Et à l’entour ſeurement l’a guidé:

1145 4431 2588 232 D’entendement l’a fourni & gardé,

1084 4626 2795 249 Comme de l’œil l’on garde la prunelle.

1336 4822 2564 252 A la façon que l’Aigle eſtend ſes ailes

1149 5029 2559 253 Sur les petis de ſon nid haut pendu:

1155 5217 1999 238 Ainſi a-il ſes ailes eſtendu,

1149 5420 2388 257 Et l’a chargé & porté ſur icelles.

1173 5636 2837 236 Le Seigneur pieu, ſans autre Dieu eſtrãge,

1120 5840 2482 261 Si l’a conduit, pour le faire ranger

3855 6092 159 151 Es
