4267 8012
3085 527 340 354 145

726 538 1768 236 SPIRITVELLES.

396 801 2347 249 Trente trois ans auois en aage,

258 1032 1630 236 Ou enuiron ta paſsion,

258 1215 2681 293 Que fouffris pour l’humain lignage:

253 1446 1671 254 Puis par ta reſurrection

262 1682 1114 236 A nous proſpere

267 1816 3151 307 Es au haut lieu bis

271 2078 1746 245 Aſsis à la dextre du Pere.

374 2292 2240 222 De là tu dois venir au monde,

276 2519 2222 236 Pour les vifs & les morts iuger:

276 2732 1982 214 Miſericorde en toy abonde,

271 2942 2334 267 En quoy veux les tiens ſoulager.

289 3164 1065 218 Tu m’es iuſtice,

273 3324 3152 281 Mon ſeul Sauueur, bis

276 3583 2302 249 Au iugement ſois moy propice.

383 3805 2271 236 O leſus auquel on doit croire,

289 4010 1906 245 Si ton ſermon eſt entendu,

298 4228 2289 240 Tu ne veux d’œuure meritoire,

320 4437 2103 254 Que paradis nous ſoit vendu:

302 4633 1350 272 Mais qu’on le baille

293 4827 3119 287 Par ta faueur, bis

302 5065 2272 267 Sans en payer denier ne maille.

837 5305 1732 232 Chanſon ſur le chant,

610 5537 2276 231 Mon poure cœur eſt en priſon, Dieu

877 5746 1692 222 gard de mal qui l’y a mis.

507 5946 2740 263 On Dieu, ſauue moy en ton Nom,

607 6169 1883 253 Et me iuge par ta vertu,

316 6365 1862 235 Exauce auſsi mon oraiſon,

334 6574 2173 307 Quand ie le croy, auſſi fais-tu:

327 5895 287 474 M

2169 6845 516 285 k .iii.
