4267 7533
602 385 1516 242 CANTIOVES.

242 644 2602 222 Ma forte main, & diray hautement:?

242 849 2722 209 Moy-meſme vi, voire eternellement:

242 1062 2693 201 Et ſans mourir touſiours ie ſuis en vie

309 1247 2772 234 Si le taillant de mon glaiue i’aiguiſe,

234 1464 2814 226 Et qu’en ma main i’aye iugement mis,

242 1665 2609 218 Vengeance lors à tous mes ennemis

234 1858 2554 234 Retribueray, & rendray à ma guiſe.

314 2071 2935 255 I'enyureray mes traits en ſang rougea¬

368 2264 339 200 ſtre:

238 2456 2890 260 Chair mangera le mien glaiue à planté,

242 2670 2149 238 Pour les occis de la captiuité,

226 2862 2625 247 Depuis le chef de l’ennemi follaſtre.

330 3075 2768 264 O gens, louez le fien peuple louabls,

255 3268 2395 264 Ca de ſes ferfs le ſang il vengera:

230 3481 2320 243 Des enſſ mis la vengeance fera,

221 3678 2136 281 Et à ſa gelte il ſera fauorable.

582 4092 2248 268 Cantique de Debora, Iug.5.

757 4323 1809 221 Sur le chant du Pſeau. 1O4.

452 4683 2602 251 Ource que Dieu les iniures vengea

414 4896 2853 282 Du peuple ſien, & tant l’encouragea,

238 5118 3040 247 Qu'à petit nõbre eut treſgrande victoire,

251 5314 2998 268 Sus que chaſcun luy viẽne rendre gloire

305 5520 2488 238 Et ie qui parle à ce Dieu eternel,

226 5716 2428 247 Dieu d’Iſrael, vn hymne ſolennel

234 5934 2927 243 Chanter ie veux: appreſtez vos aureilles

226 6108 3085 370 Princes & Rois, pour ouyr ces merueillae

3010 395 232 282 305

245 4664 226 470 P

2287 6390 364 232 T.11
