4267 7830
731 439 287 196 374

1685 417 1541 252 CANTIQVES.

718 635 2952 300 Car tu es ſeul mon adreſſe & ma voye.

901 852 2900 313 Donne-moy donc la grace de t’aimer,

709 1070 3035 282 Craindre & ſeruir tãt que ſeray en terre:

674 1274 3057 291 De ton ſainct Nom me garnir & armer

657 1492 3165 300 Contre tous ceux qui me feront la guerre.

966 1705 2730 287 Fay-moy du tout pour toy aneantir,

661 1922 2735 257 Ne m’eſtimer que peché & ordure:

666 2127 3187 300 Fay-moy touſiours recognoiſtre & ſentir

657 2349 2908 265 Que maudit ſuis de ma propre nature.

840 2570 2930 270 Et neantmoins, Seigneur, tu m’aideras,

618 2762 3069 300 De peur qu’en moy ne defaille courage:

587 2992 2600 244 Et ton ſeruant tu ne reietteras,

640 3197 3069 274 Car de tes mains tu recognois l’ouurage.

940 3427 2895 244 ◊on ſainct Eſprit me cõduira touſo◊rs

626 3614 2487 235 A cheminer en ton obeiſſance:

613 3836 3122 266 Et en tout temps i’auray vers toy recours,

666 4036 3156 266 Puis que m’as pris en ta ſaincte aſſeurance.

801 4254 2965 270 Et qui plus eſt, toy Souuerain Seigneur,

613 4463 3175 282 Comme i’eſtoy' meſchant & plein de vice,

709 4689 2452 235 u m’as voulu eleuer en honneur

592 4872 2795 261 En me donnant eſtat en ton ſeruice.

953 5111 2373 248 Auſsi me fais aux tribulations

579 5328 2930 248 Communiquer:en quoy ie me confie

605 5515 2508 266 Que i’auray part és conſolations

557 5728 2943 270 De ton Royaume, au bout de ceſte vie.

775 5946 2721 274 Car ie cognoy que tu m’as deliuré

539 6133 2813 274 Par I◊ſus Chriſt, ta Parole eternelle:

526 6355 2861 348 Dont ie ſuis ſeur que par luy ie viuray

3330 6616 488 261 Auec
