4267 7638
3101 591 268 331 389

793 530 1567 263 CANTIQVES.

263 768 2734 284 Comprins es dix Commandemens.

390 967 2603 301 Cela luy ſert comme vne addreſſe,

273 1145 2229 318 Pour l’aduertir, dés ſa ieuneſſe

261 1374 2229 287 Qu’il a le cœur tout empeſché

235 1553 1783 280 D’infection, & de peché

352 1782 2293 263 Auſsi que de ſa force humaine

225 1968 2394 289 Il ne peut tant prendre de peine,

242 2168 2530 322 Qu’il puiſſe accomplir droitement

225 2376 2326 293 Vn poinct de la Loy ſeulement.

445 2575 2170 314 Ainſi cognoiſſant ſa miſere,

203 2770 2302 302 Il à recours à Dieu ſon Pere:

208 2983 2156 288 Et par la foy en Ieſus Chriſt.

191 3169 2186 327 Reçoit le don du ſainct Eſprit.

284 3373 2237 339 Lors celuy Eſprit l’enlumine,

182 3572 2114 323 Luy fait aimer la Loy Diuine,

182 3797 1991 263 Et renoncer au vouloir ſien,

174 3971 2207 323 Laiſſer le mal, prendre le bien.

377 4196 2200 323 Entretenir paix & concorde,

169 4379 2051 322 Faire œuures de miſericorde,

171 4582 2089 338 Des poures gens auoir pitié,

165 4767 1650 325 Et leur aider par amitié.

229 5002 2161 314 Sur tout il a, par excellence,

161 5206 2216 310 Le Nom de Dieu en reuerence:

148 5406 2165 309 Soit ou mouſtier, au autre lieu,

152 5592 2166 310 Volontiers oit parler de Dieu.

254 5773 2121 343 S’il voit quelqu’vn, qui Dieu

2420 5862 707 305 blaſphe¬

2666 5715 501 234 (me,

121 5976 2025 350 ll en a deſpit en ſoy-meſme:

95 6193 2032 394 Iamais en vain ne veut iurer,
