4267 7821
3141 664 290 261 327

703 612 1639 270 CANTIQVES.

286 873 1921 234 Sur leurs femmes & enfans.

360 1099 2407 239 S’on leur veut bien au mal faire,

291 1320 2168 244 Pour le rendre ont-ils dequoy?

286 1533 1973 231 Peuuent-ils faire ou deffaire

295 1764 2286 247 Quelque prince ou quelque roy?

343 1972 2477 256 Leur plus que vaine impuiſſance

278 2168 1846 230 N'enrichit les ſouffreteux:

269 2389 2377 270 D'aucuns biens n’ont iouyſſance,

265 2624 1738 221 Le cuiure n’eſt pas à eux.

330 2811 2411 291 Si quelqu’vn leur fait promeſſe,

265 3058 1707 235 Et tenir point ne la veut,

252 3263 2346 265 De tous ces faux dieux qui eſt-ce

256 3467 1994 269 Qui faire accomplir la peut?

304 3693 1912 252 En leur façon eſtrangere

256 3923 1760 222 Aucun libre n’ont rendu

256 4114 1725 270 De ceſte mort paſſagere,

256 4331 1529 261 Ny le foyble defendu.

317 4557 1998 235 La lumiere auſsi ne liurent

234 4770 1630 270 A l’aueugle en poureté,

230 4983 2038 257 Et les hommes ne deliurent

234 5187 1338 261 D’aucune neceſsité.

330 5396 1942 291 Ils n’ont pitié de la vefue,

256 5618 2042 295 Qui ſe meurt par le chemin,

234 5865 1816 239 Et iamais on ne les treuue

221 6043 1695 292 Faire bien à l’orphelin.

295 6269 2220 274 Ces dieux faux & miſerables

221 6491 1838 282 De bois, d’or & argentez,

225 6699 2455 313 Sont veux aux pierres ſemblables.
