4267 8012
276 663 1763 262 Le pecheur, point n’aura

271 885 2036 250 Enuers Dieu ſa paix faicte,

267 1103 1403 236 Sinon quand il ſera

267 1330 1853 232 Conſtant en repentance,

258 1535 1514 240 Et que de ſon forfait

262 1749 1452 231 Il aura deſplaiſance:

262 1967 1791 227 Plourant de ſon mesfait.

1180 2216 1171 245 Autre chanſon.

369 2430 2820 240 Iour deſiré des enfans de ce monde,

258 2643 2592 254 Eſt, de mener vie ſale & immonde,

253 2884 2201 213 Et s’adonner à toute villenie:

258 3080 3238 262 Mais ceux deſquels la ioye en Dieu ſe

360 3311 504 227 ffonde

253 3503 2379 284 Eſt d’aſpirer à ſa gloire infinie.

1086 3805 1181 249 Autre chanſon.

445 4001 3051 263 Contre raiſon, moy poure Egliſe en¬

374 4233 392 222 dure

253 4442 3172 245 Par les meſchans qui me font mille maux

253 4664 3261 227 Dés ma ieuneſſe ils m’ont fait mille aſſaux:

249 4882 3029 259 Mais l’Eternel rompra leur corde dure.

1189 5216 1207 258 Autre chanſon.

485 5430 3029 262 Crainte, & eſpoir le Chreſtien doit a¬

685 5701 495 187 uoir.

253 5862 3002 253 Par crainte il doit l’ire de Dieu preuoir

244 6102 2593 245 Et preuenir, en vraye repentance,

249 6320 2815 236 Et puis il doit auoir ferme eſperance

240 6525 2926 343 De ſon ſalut, & par foy les cieux voir.

681 373 1973 245 SPIRITVELLES.

3095 409 466 280 249
