4267 7656
782 455 404 225 248

1705 450 1570 234 CHANSONS

791 701 3220 285 Car il faudra que touſiours ſe tourmente,

774 931 3212 264 Pour enuers Dieu trouuer accez & place,

770 1131 3084 276 Et n’y pourra paruenir quoy qu’il face,

765 1327 3004 259 Si Ieſus Chriſt n’en eſt le conducteur:

787 1531 2901 276 Celuy la donc eſt remply de fallace

782 1748 3225 289 Qui s’en deſtourne, & n’eſt qu’vn ſedu¬

969 1969 579 212 cteur.

1812 2190 1089 217 Autre chanſon.

948 2377 2727 264 Mourir conuient route perſonne:

748 2577 2285 251 Dieu nous l’a ainſi ordonné:

753 2785 2620 260 Mais la mort au fidele eſt bonne

757 2994 2025 238 Auſſi n’en eſt-il eſtonné:

765 3198 2332 259 Car il ſçait où eſt ſa demeure

765 3411 2353 255 Quand d’ici luy faudra partir,

744 3615 2591 268 Il ſe tiendra preſt à toute heure,

740 3827 2186 247 Eſtant bien aiſe d’en ſortir.

1722 4061 1111 222 Autre chanſon.

931 4249 2621 251 Si par fortune on a penſé auoir

735 4457 3166 268 Heur, ou mal-heur peine, ou allegemen

765 4670 2625 246 C’eſt vn abus qui a peu deceuoir

731 4878 3250 281 Beaucoup de gens, d’vn lourd aueugle¬

914 5099 549 196 ment:

731 5278 3068 285 La raiſon c’eſt qu’on penſe vrayement,

753 5495 3075 289 Ceſte fortune auoir quelque puiſſance,

744 5703 2629 247 La où il faut à Dieu entierement

753 5912 2756 280 Remettre tout, & à ſa prouidence.

1739 6154 1149 208 Autre chanſon.

974 6324 1940 298 Pour vn helas que iette

3773 6592 243 238 Le
