4267 7533
117 598 2290 251 Le ieune fils, la vierge de ſaiſon.

146 803 3090 259 Auec l’enfant l’homme blanc de vielleſſe.

167 1029 2659 226 t Ie di ainſi en ma fureur empreinte,

159 1226 2684 242 Tous tant qu’ils ſont ie les acculleray,

146 1431 2630 234 Et leur renom des gens ceſſer feray.

150 1644 3024 226 Mais du deſdain de l’ennemy eus crainte,

200 1845 3045 243 Si qu’il n’aduint, que leurs fiers aduerſaires

138 2038 2881 255 Ne vinſſent puis à dire, eux ſurhauſſans:

150 2255 3095 247 Ce ſont les mains de nous autres puiſſans,

154 2477 3087 234 Le seigneur, non, n’a point fait ces affaires,

255 2665 2768 239 Gens ſans conſeil, & ſans intelligence:

159 2870 2751 247 Os’ils eſtoyent ſages, & bien prudens,

159 3096 2491 222 Pour en ceci preuoir les accidens,

163 3293 2902 251 Qu-ei apres ſeroyent de conſequence.

272 3498 3002 251 Comn, ent d’iceux vn en pourſuyuroit

333 3697 559 220 mille,

159 3900 3128 251 Et dix millicle deux rendroyent eſperdus:

163 4113 3099 251 S’ils ne ſont point de leurs pierres vendus,

154 4310 2639 255 Et le Seigneur ne le ſerre & eſtrille.

293 4523 2985 239 Comme la leur n’eſt noſtre pierre ſeure

163 4733 2730 238 Nos ennemis ce ſont iuges meſchans:

171 4929 3107 264 De Sodomach: eſt leur vigne & leurs chãps

175 5160 2680 221 Sont d’Amorach:grappe fiel depure:

284 5369 2898 213 Et leursraiſins ſont raiſins d’amertume

163 5561 2889 247 Leur grief venin mortel & dangereux,

154 5766 2634 235 Et de dragons le venin chaleureux:

159 5955 2646 263 Le cruel fiel d’aſpic, qui la vie hume,

263 6181 2927 289 N’eſt pas cela chez moy en abondance,

686 351 1516 247 CANTIQVES.

2927 364 309 263 30

2344 6449 256 246 Vj
