<?xml version="1.0" encoding="UTF-8"?>
<alto xmlns:xsi="http://www.w3.org/2001/XMLSchema-instance"
      xmlns="http://www.loc.gov/standards/alto/ns-v4#"
      xsi:schemaLocation="http://www.loc.gov/standards/alto/ns-v4# http://www.loc.gov/standards/alto/v4/alto-4-2.xsd">
  <Description>
    <MeasurementUnit>pixel</MeasurementUnit>
    <sourceImageInformation>
      <fileName>CRRS02_Chansons_spirituelles.pdf_page_376.png</fileName>
      <fileIdentifier>pdf//CRRS02_Chansons_spirituelles.pdf</fileIdentifier>
    </sourceImageInformation>
  </Description>
  <Tags>
    <OtherTag ID="BT7" LABEL="CustomZone" DESCRIPTION="block type CustomZone"/><OtherTag ID="BT8" LABEL="DamageZone" DESCRIPTION="block type DamageZone"/><OtherTag ID="BT9" LABEL="DigitizationArtefactZone" DESCRIPTION="block type DigitizationArtefactZone"/><OtherTag ID="BT10" LABEL="DropCapitalZone" DESCRIPTION="block type DropCapitalZone"/><OtherTag ID="BT11" LABEL="GraphicZone" DESCRIPTION="block type GraphicZone"/><OtherTag ID="BT12" LABEL="MainZone" DESCRIPTION="block type MainZone"/><OtherTag ID="BT13" LABEL="MarginTextZone" DESCRIPTION="block type MarginTextZone"/><OtherTag ID="BT14" LABEL="MusicZone" DESCRIPTION="block type MusicZone"/><OtherTag ID="BT15" LABEL="NumberingZone" DESCRIPTION="block type NumberingZone"/><OtherTag ID="BT17" LABEL="QuireMarksZone" DESCRIPTION="block type QuireMarksZone"/><OtherTag ID="BT18" LABEL="RunningTitleZone" DESCRIPTION="block type RunningTitleZone"/><OtherTag ID="BT19" LABEL="SealZone" DESCRIPTION="block type SealZone"/><OtherTag ID="BT20" LABEL="StampZone" DESCRIPTION="block type StampZone"/><OtherTag ID="BT21" LABEL="TableZone" DESCRIPTION="block type TableZone"/><OtherTag ID="BT22" LABEL="TitlePageZone" DESCRIPTION="block type TitlePageZone"/>
    <OtherTag ID="LT7" LABEL="CustomLine" DESCRIPTION="line type CustomLine"/><OtherTag ID="LT8" LABEL="DefaultLine" DESCRIPTION="line type DefaultLine"/><OtherTag ID="LT9" LABEL="DropCapitalLine" DESCRIPTION="line type DropCapitalLine"/><OtherTag ID="LT10" LABEL="HeadingLine" DESCRIPTION="line type HeadingLine"/><OtherTag ID="LT11" LABEL="InterlinearLine" DESCRIPTION="line type InterlinearLine"/><OtherTag ID="LT12" LABEL="MusicLine" DESCRIPTION="line type MusicLine"/><OtherTag ID="LT1330" LABEL="default" DESCRIPTION="line type default"/>
  </Tags>
  <Layout>
    <Page WIDTH="4267"
          HEIGHT="7830"
          PHYSICAL_IMG_NR="375"
          ID="eSc_dummypage_">
      <PrintSpace HPOS="0"
                  VPOS="0"
                  WIDTH="4267"
                  HEIGHT="7830">
        <TextBlock HPOS="731"
                   VPOS="580"
                   WIDTH="406"
                   HEIGHT="221"
                   ID="eSc_textblock_661a3014"
                   TAGREFS="BT15">
          <Shape><Polygon POINTS="731 580 731 801 1137 801 1137 580"/></Shape>
          <TextLine ID="eSc_line_27892315"
                    TAGREFS="LT8"
                    BASELINE="792 717 1119 709" 
                    HPOS="784"
                    VPOS="580"
                    WIDTH="333"
                    HEIGHT="242">
            <Shape><Polygon POINTS="1045 580 980 580 914 580 856 580 784 580 790 711 797 822 901 776 1038 809 1045 809 1052 809 1058 809 1065 809 1117 769 1117 704 1097 580 1045 580"/></Shape>
            <String CONTENT="284"
                    HPOS="784"
                    VPOS="580"
                    WIDTH="333"
                    HEIGHT="242"
                    WC="0.9999062816301981"></String>
          </TextLine>
        </TextBlock>
        <TextBlock HPOS="664"
                   VPOS="757"
                   WIDTH="3291"
                   HEIGHT="6134"
                   ID="eSc_textblock_31e8efb1"
                   TAGREFS="BT12">
          <Shape><Polygon POINTS="664 838 834 6891 3721 6632 3955 6399 3869 1333 2963 757"/></Shape>
          <TextLine ID="eSc_line_63e3f248"
                    TAGREFS="LT8"
                    BASELINE="801 974 2908 913" 
                    HPOS="792"
                    VPOS="752"
                    WIDTH="2116"
                    HEIGHT="278">
            <Shape><Polygon POINTS="801 974 801 1030 1249 1030 1249 1026 1732 983 1820 1000 1824 1000 1828 1000 1833 1000 1867 978 2120 1000 2124 1000 2129 1000 2185 974 2538 983 2542 983 2664 956 2747 983 2751 983 2756 983 2908 943 2908 913 2895 796 2625 796 2512 752 2507 752 2503 752 2499 752 2442 774 2150 761 2146 761 2142 761 2137 761 2137 765 2098 804 1989 822 1750 822 1667 778 1663 778 1545 778 1541 778 1536 778 1428 830 1201 817 1197 817 1193 817 1188 817 1188 822 1166 843 979 843 918 800 914 800 910 800 905 800 792 800 801 974"/></Shape>
            <String CONTENT="Son pauillon ou il habite:"
                    HPOS="792"
                    VPOS="752"
                    WIDTH="2116"
                    HEIGHT="278"
                    WC="0.9899266132941613"></String>
          </TextLine>
          <TextLine ID="eSc_line_a4edcee9"
                    TAGREFS="LT8"
                    BASELINE="796 1183 3391 1113" 
                    HPOS="792"
                    VPOS="956"
                    WIDTH="2599"
                    HEIGHT="270">
            <Shape><Polygon POINTS="3361 991 3291 970 3287 970 3282 970 3278 970 3222 987 3174 956 3169 956 3165 956 3091 956 3087 956 3082 956 2986 1009 2786 965 2782 965 2564 970 2560 970 2399 1026 2316 1004 2312 1004 2307 1004 1123 1057 992 1013 988 1013 984 1013 979 1013 975 1013 975 1017 949 1039 862 1022 857 1022 853 1022 849 1022 792 1057 796 1183 796 1226 3391 1165 3391 1113 3387 1048 3361 991"/></Shape>
            <String CONTENT="D’autres manoirs n’eſt ſoucieux."
                    HPOS="792"
                    VPOS="956"
                    WIDTH="2599"
                    HEIGHT="270"
                    WC="0.9950424991548061"></String>
          </TextLine>
          <TextLine ID="eSc_line_a5ff7a51"
                    TAGREFS="LT8"
                    BASELINE="1001 1392 3013 1326" 
                    HPOS="992"
                    VPOS="1174"
                    WIDTH="2021"
                    HEIGHT="244">
            <Shape><Polygon POINTS="1001 1392 1001 1418 3013 1357 3013 1326 3004 1200 2952 1174 2947 1174 2943 1174 2939 1174 2843 1218 2155 1231 2072 1191 2068 1191 2063 1191 2059 1191 1876 1244 1820 1204 1815 1204 1811 1204 1732 1204 1728 1204 1724 1204 1628 1257 1528 1257 1484 1218 1484 1213 1480 1213 1476 1213 1471 1213 1467 1213 1301 1257 1184 1222 1179 1222 1175 1222 992 1244 1001 1392"/></Shape>
            <String CONTENT="Il reduit les forts à neant"
                    HPOS="992"
                    VPOS="1174"
                    WIDTH="2021"
                    HEIGHT="244"
                    WC="0.9887862929276058"></String>
          </TextLine>
          <TextLine ID="eSc_line_8ed31450"
                    TAGREFS="LT8"
                    BASELINE="818 1605 2446 1548 3683 1535" 
                    HPOS="814"
                    VPOS="1370"
                    WIDTH="2869"
                    HEIGHT="300">
            <Shape><Polygon POINTS="3640 1413 3631 1409 3592 1409 3505 1370 3500 1370 3496 1370 3396 1374 3391 1374 3387 1374 3313 1418 3195 1387 3191 1387 3187 1387 3182 1387 3047 1422 2825 1387 2821 1387 2817 1387 2629 1435 2551 1413 2547 1413 2542 1413 2316 1439 2155 1405 2150 1405 2146 1405 1981 1452 1654 1418 1650 1418 1645 1418 1550 1465 1044 1474 988 1435 984 1435 979 1435 975 1435 814 1474 818 1605 818 1635 979 1670 984 1670 988 1670 992 1670 1023 1648 1184 1657 1188 1657 1432 1622 1480 1644 1484 1644 1489 1644 1663 1613 2076 1626 2081 1626 2237 1600 2403 1631 2407 1631 2412 1631 2416 1631 2416 1626 2455 1592 2564 1592 2690 1622 2695 1622 2699 1622 2995 1609 2999 1609 3004 1609 3043 1579 3165 1605 3169 1605 3174 1605 3178 1605 3217 1574 3339 1605 3343 1605 3348 1605 3683 1592 3683 1535 3670 1426 3640 1413"/></Shape>
            <String CONTENT="Comme s’ils n’eſtoyent plus en eſtre:"
                    HPOS="814"
                    VPOS="1370"
                    WIDTH="2869"
                    HEIGHT="300"
                    WC="0.9940800924558897"></String>
          </TextLine>
          <TextLine ID="eSc_line_6fa3df8f"
                    TAGREFS="LT8"
                    BASELINE="822 1809 3444 1744" 
                    HPOS="814"
                    VPOS="1587"
                    WIDTH="2630"
                    HEIGHT="261">
            <Shape><Polygon POINTS="822 1809 822 1848 1867 1848 1867 1844 1872 1844 1876 1844 1876 1840 1902 1818 2211 1831 2216 1831 2220 1831 2224 1831 2255 1809 2329 1826 2333 1826 2338 1826 2917 1792 3004 1813 3008 1813 3013 1813 3439 1805 3444 1744 3431 1626 3252 1626 3134 1587 3130 1587 3126 1587 3121 1587 3117 1587 3060 1631 2847 1609 2843 1609 2838 1609 2756 1635 2625 1600 2621 1600 2616 1600 2612 1600 2538 1639 2425 1605 2420 1605 2416 1605 2412 1605 2407 1605 2355 1639 2320 1613 2320 1609 2316 1609 2312 1609 2211 1609 2207 1609 2203 1609 2094 1652 1898 1639 1894 1639 1785 1661 1693 1622 1689 1622 1685 1622 1680 1622 1597 1652 1480 1631 1476 1631 1471 1631 1467 1631 1406 1670 1223 1635 1219 1635 1214 1635 1210 1635 1149 1679 888 1644 883 1644 879 1644 875 1644 814 1674 822 1809"/></Shape>
            <String CONTENT="Car il eſt des maiſtres le maiſtre,"
                    HPOS="814"
                    VPOS="1587"
                    WIDTH="2630"
                    HEIGHT="261"
                    WC="0.965923261642456"></String>
          </TextLine>
          <TextLine ID="eSc_line_bdc307ef"
                    TAGREFS="LT8"
                    BASELINE="827 2027 2547 1966 3657 1953" 
                    HPOS="818"
                    VPOS="1787"
                    WIDTH="2839"
                    HEIGHT="296">
            <Shape><Polygon POINTS="827 2027 827 2061 1432 2083 1436 2083 1441 2083 1571 2044 1680 2066 1685 2066 1689 2066 1776 2040 1885 2070 1889 2070 1894 2070 1898 2070 1963 2044 2146 2061 2150 2061 2155 2061 2159 2061 2220 2022 2342 2044 2346 2044 2708 2009 2804 2044 2808 2044 2812 2044 2817 2044 2969 2000 3113 2000 3152 2031 3156 2031 3161 2031 3165 2035 3269 2035 3269 2031 3274 2031 3348 1996 3653 2000 3657 1953 3653 1826 3583 1787 3579 1787 3574 1787 3570 1787 3261 1844 3026 1844 2969 1805 2965 1805 2960 1805 2956 1805 2952 1805 2795 1848 2664 1813 2660 1813 2655 1813 2451 1857 2281 1835 2277 1835 2002 1874 1898 1835 1894 1835 1889 1835 1885 1835 1724 1887 1584 1887 1554 1866 1550 1866 1545 1866 1541 1866 1249 1896 1145 1857 1140 1857 1136 1857 1132 1857 1127 1857 1127 1861 1079 1900 927 1866 923 1866 918 1866 818 1896 827 2027"/></Shape>
            <String CONTENT="Et des grans ſeigneurs le plus grand."
                    HPOS="818"
                    VPOS="1787"
                    WIDTH="2839"
                    HEIGHT="296"
                    WC="0.9827099297497723"></String>
          </TextLine>
          <TextLine ID="eSc_line_c68a4545"
                    TAGREFS="LT8"
                    BASELINE="1027 2235 2612 2175 3483 2161" 
                    HPOS="1018"
                    VPOS="2018"
                    WIDTH="2465"
                    HEIGHT="274">
            <Shape><Polygon POINTS="1027 2235 1027 2266 1114 2292 1118 2292 1123 2292 1127 2292 1132 2292 1171 2270 1523 2279 1528 2279 1532 2279 1536 2279 1567 2253 1624 2275 1628 2275 1632 2275 1637 2275 1641 2275 1667 2253 1715 2270 1719 2270 1724 2270 1985 2240 2029 2262 2033 2262 2037 2262 2608 2218 2864 2235 2869 2235 3008 2205 3034 2227 3039 2227 3043 2227 3047 2227 3052 2227 3143 2201 3222 2222 3226 2222 3230 2222 3483 2205 3483 2161 3470 2048 3248 2053 3200 2027 3195 2027 3191 2027 3187 2027 3182 2027 3087 2057 2999 2018 2995 2018 2991 2018 2986 2018 2843 2066 2812 2040 2812 2035 2808 2035 2804 2035 2799 2035 2795 2035 2730 2070 2647 2053 2642 2053 2638 2053 2595 2074 2486 2044 2481 2044 2477 2044 2072 2092 1950 2053 1946 2053 1941 2053 1680 2061 1676 2061 1671 2061 1606 2105 1480 2092 1476 2092 1471 2092 1410 2118 1227 2118 1158 2079 1153 2079 1149 2079 1145 2079 1018 2122 1027 2235"/></Shape>
            <String CONTENT="Eux n’eſtans ſemez ne plantez,"
                    HPOS="1018"
                    VPOS="2018"
                    WIDTH="2465"
                    HEIGHT="274"
                    WC="0.9937420507272084"></String>
          </TextLine>
          <TextLine ID="eSc_line_49f6ca4a"
                    TAGREFS="LT8"
                    BASELINE="831 2453 2682 2383 3648 2383" 
                    HPOS="822"
                    VPOS="2231"
                    WIDTH="2826"
                    HEIGHT="270">
            <Shape><Polygon POINTS="831 2453 831 2501 1741 2457 1793 2488 1798 2488 1802 2488 1806 2488 1811 2488 1815 2488 1854 2457 1959 2483 1963 2483 1968 2483 2155 2453 2446 2470 2451 2470 2455 2470 2568 2436 2738 2449 2743 2449 3208 2414 3252 2440 3256 2440 3261 2440 3265 2440 3269 2440 3361 2414 3640 2431 3648 2383 3640 2248 3261 2257 3169 2235 3165 2235 3161 2235 3156 2235 3082 2262 3047 2231 3043 2231 3039 2231 2921 2231 2917 2231 2912 2231 2908 2231 2864 2270 2769 2244 2764 2244 2760 2244 2564 2279 2433 2244 2429 2244 2425 2244 2420 2244 2416 2244 2359 2283 2312 2266 2307 2266 2303 2266 2298 2266 2233 2288 2155 2253 2150 2253 2146 2253 1968 2283 1837 2262 1833 2262 1828 2262 1824 2262 1763 2301 1545 2283 1541 2283 1245 2318 1179 2283 1175 2283 1171 2283 1166 2283 1114 2305 822 2292 831 2453"/></Shape>
            <String CONTENT="Leur tronc n’ayant point de racine,"
                    HPOS="822"
                    VPOS="2231"
                    WIDTH="2826"
                    HEIGHT="270"
                    WC="0.979185106073107"></String>
          </TextLine>
          <TextLine ID="eSc_line_51ac6e77"
                    TAGREFS="LT8"
                    BASELINE="866 2662 2677 2596 3644 2596" 
                    HPOS="857"
                    VPOS="2427"
                    WIDTH="2787"
                    HEIGHT="283">
            <Shape><Polygon POINTS="866 2662 866 2688 1097 2710 1101 2710 1105 2710 1175 2683 2098 2683 2103 2683 2107 2683 2207 2657 2673 2666 2677 2666 2682 2666 2773 2636 3187 2627 3640 2640 3644 2596 3635 2457 3552 2431 3548 2431 3544 2431 3539 2431 3448 2466 3169 2466 3043 2427 3039 2427 3034 2427 3030 2427 3026 2427 3026 2431 2991 2466 2886 2470 2821 2436 2817 2436 2812 2436 2560 2440 2555 2440 2455 2483 2255 2449 2251 2449 2246 2449 2094 2501 1946 2457 1941 2457 1937 2457 1933 2457 1785 2509 1685 2466 1680 2466 1676 2466 1606 2470 1602 2470 1597 2470 1597 2475 1550 2518 1049 2527 1001 2492 997 2492 992 2492 988 2492 857 2501 866 2662"/></Shape>
            <String CONTENT="Vn vent ſoudain les ſeche &amp; mine,"
                    HPOS="857"
                    VPOS="2427"
                    WIDTH="2787"
                    HEIGHT="283"
                    WC="0.9855070348941919"></String>
          </TextLine>
          <TextLine ID="eSc_line_dd763455"
                    TAGREFS="LT8"
                    BASELINE="849 2870 3387 2792" 
                    HPOS="840"
                    VPOS="2662"
                    WIDTH="2547"
                    HEIGHT="252">
            <Shape><Polygon POINTS="849 2870 849 2914 3387 2844 3387 2792 3378 2679 2760 2666 2756 2666 2542 2701 2490 2662 2486 2662 2481 2662 2390 2662 2386 2662 2268 2666 2264 2666 2259 2666 2207 2714 2111 2683 2107 2683 2103 2683 2098 2683 1959 2723 1880 2683 1876 2683 1872 2683 1867 2683 1863 2683 1798 2731 1471 2736 1419 2705 1415 2705 1410 2705 1406 2705 1402 2705 1397 2705 1349 2740 1118 2701 1114 2701 905 2710 901 2710 896 2710 840 2744 849 2870"/></Shape>
            <String CONTENT="Et ſont comme paille emportez."
                    HPOS="840"
                    VPOS="2662"
                    WIDTH="2547"
                    HEIGHT="252"
                    WC="0.9864133954048157"></String>
          </TextLine>
          <TextLine ID="eSc_line_eb828139"
                    TAGREFS="LT8"
                    BASELINE="1040 3071 2843 3014 3609 3014" 
                    HPOS="1031"
                    VPOS="2831"
                    WIDTH="2578"
                    HEIGHT="309">
            <Shape><Polygon POINTS="1040 3071 1040 3118 1140 3140 1145 3140 1345 3101 1384 3131 1388 3131 1393 3131 1397 3131 1402 3131 1467 3110 1489 3127 1489 3131 1493 3131 1497 3131 1502 3131 1815 3123 1820 3123 1824 3123 1859 3097 1950 3118 1954 3118 1959 3118 1963 3118 1968 3118 1968 3114 1998 3084 2050 3114 2055 3114 2059 3118 2168 3118 2168 3114 2172 3114 2177 3114 2177 3110 2203 3084 2242 3105 2246 3105 2251 3105 2255 3105 2259 3105 2416 3062 2999 3049 3113 3075 3117 3075 3121 3075 3126 3075 3130 3075 3169 3049 3491 3049 3596 3075 3609 3014 3605 2888 3557 2888 3500 2836 3500 2831 3496 2831 3491 2831 3487 2831 3100 2844 3095 2844 3091 2844 3021 2897 2873 2849 2869 2849 2864 2849 2860 2849 2743 2888 2647 2857 2642 2857 2638 2857 2499 2879 2359 2862 2355 2862 2351 2862 2346 2862 2346 2866 2294 2918 1510 2918 1506 2918 1275 2944 1214 2901 1210 2901 1206 2901 1201 2901 1031 2910 1040 3071"/></Shape>
            <String CONTENT="Donques à qui dit le Treſſainct,"
                    HPOS="1031"
                    VPOS="2831"
                    WIDTH="2578"
                    HEIGHT="309"
                    WC="0.9967766783454202"></String>
          </TextLine>
          <TextLine ID="eSc_line_ffe13617"
                    TAGREFS="LT8"
                    BASELINE="857 3297 2769 3223 3409 3214" 
                    HPOS="849"
                    VPOS="3049"
                    WIDTH="2560"
                    HEIGHT="300">
            <Shape><Polygon POINTS="857 3297 857 3336 1058 3327 1210 3349 1214 3349 1219 3349 1358 3310 1454 3336 1458 3336 1462 3336 1654 3305 1793 3327 1798 3327 1802 3327 1806 3327 1806 3323 1833 3301 1946 3314 1950 3314 2190 3279 2281 3310 2285 3310 2290 3310 2294 3310 2298 3310 2342 3275 2655 3297 2660 3297 2664 3297 2786 3262 2891 3288 2895 3288 2899 3288 2904 3288 2908 3288 2908 3284 2912 3284 2925 3262 3178 3249 3230 3275 3235 3275 3239 3275 3365 3271 3370 3271 3374 3271 3374 3266 3409 3232 3409 3214 3400 3079 3374 3058 3370 3058 3365 3058 3361 3058 3356 3058 3278 3079 3243 3049 3239 3049 3235 3049 3230 3049 2738 3071 2734 3071 2730 3071 2690 3101 2621 3071 2616 3071 2612 3071 2608 3071 2481 3118 2412 3092 2407 3092 2403 3092 2399 3092 2342 3123 2172 3097 2168 3097 2163 3097 2159 3097 2159 3101 2124 3136 1894 3140 1780 3101 1776 3101 1772 3101 1767 3101 1645 3153 1245 3162 1193 3131 1188 3131 1184 3131 1179 3131 1175 3131 1049 3171 992 3131 988 3131 984 3131 979 3131 849 3131 857 3297"/></Shape>
            <String CONTENT="A qui me ferez vous ſemblable?"
                    HPOS="849"
                    VPOS="3049"
                    WIDTH="2560"
                    HEIGHT="300"
                    WC="0.9740610082944234"></String>
          </TextLine>
          <TextLine ID="eSc_line_2452ef65"
                    TAGREFS="LT8"
                    BASELINE="866 3506 2708 3436 3461 3427" 
                    HPOS="857"
                    VPOS="3266"
                    WIDTH="2604"
                    HEIGHT="305">
            <Shape><Polygon POINTS="866 3506 866 3540 1001 3571 1005 3571 1193 3566 1197 3566 1201 3566 1253 3527 1367 3549 1371 3549 1375 3549 1432 3532 1454 3549 1454 3553 1458 3553 1462 3553 1467 3553 1471 3553 1476 3553 1523 3523 1880 3545 1885 3545 1889 3545 2063 3501 2220 3532 2224 3532 2229 3532 2233 3532 2285 3493 2386 3523 2390 3523 2394 3523 2399 3523 2403 3523 2403 3519 2433 3488 2812 3497 2817 3497 2821 3497 2825 3497 2860 3475 2934 3493 2939 3493 2943 3493 3126 3471 3152 3493 3152 3497 3156 3497 3161 3497 3165 3497 3169 3497 3174 3497 3213 3471 3282 3488 3287 3488 3291 3488 3457 3449 3461 3427 3452 3284 3426 3266 3422 3266 3417 3266 3413 3266 3409 3266 3404 3266 3343 3305 3304 3271 3300 3271 3296 3271 3291 3271 3287 3271 3204 3292 3169 3271 3165 3271 3161 3271 3156 3271 3152 3271 3030 3319 2716 3310 2712 3310 2708 3310 2625 3332 2490 3301 2486 3301 2481 3301 2477 3301 2446 3327 2403 3297 2399 3297 2394 3297 2390 3297 2294 3301 2290 3301 2285 3301 2224 3345 1645 3345 1641 3345 1471 3371 1436 3345 1432 3345 1428 3345 1249 3336 1245 3336 1240 3336 1236 3336 1236 3340 1206 3371 1171 3358 1166 3358 1162 3358 1158 3358 1105 3384 1014 3345 1010 3345 1005 3345 857 3371 866 3506"/></Shape>
            <String CONTENT="Quelle image m’eſt conuenable?"
                    HPOS="857"
                    VPOS="3266"
                    WIDTH="2604"
                    HEIGHT="305"
                    WC="0.9906073848406474"></String>
          </TextLine>
          <TextLine ID="eSc_line_aaf0518f"
                    TAGREFS="LT8"
                    BASELINE="883 3719 3278 3636" 
                    HPOS="875"
                    VPOS="3488"
                    WIDTH="2403"
                    HEIGHT="287">
            <Shape><Polygon POINTS="883 3719 888 3771 984 3749 1105 3775 1110 3775 1114 3775 1184 3740 1267 3771 1271 3771 1275 3775 1380 3775 1380 3771 1384 3771 1388 3771 1436 3740 1506 3767 1510 3767 1515 3767 1767 3719 1924 3745 1928 3745 1933 3745 1937 3745 1981 3714 2029 3736 2033 3736 2037 3736 2185 3714 2381 3736 2386 3736 2390 3736 2394 3736 2394 3732 2429 3697 2764 3723 2769 3723 2773 3723 2925 3680 3143 3697 3148 3697 3152 3697 3278 3662 3278 3636 3265 3497 3030 3488 3026 3488 3021 3488 3017 3488 2965 3532 2764 3536 2625 3506 2621 3506 2616 3506 2507 3545 2416 3523 2412 3523 2407 3523 2403 3523 2346 3545 2277 3514 2272 3514 2268 3514 1946 3527 1941 3527 1937 3527 1872 3571 1375 3584 1306 3549 1301 3549 1297 3549 1293 3549 1288 3549 1236 3588 1027 3588 1001 3562 997 3562 992 3562 988 3562 875 3580 883 3719"/></Shape>
            <String CONTENT="Par qui au vif ſeray-ie peinct?"
                    HPOS="875"
                    VPOS="3488"
                    WIDTH="2403"
                    HEIGHT="287"
                    WC="0.9480078105003603"></String>
          </TextLine>
          <TextLine ID="eSc_line_558d5665"
                    TAGREFS="LT8"
                    BASELINE="1079 3919 2769 3858 3431 3858" 
                    HPOS="1071"
                    VPOS="3684"
                    WIDTH="2360"
                    HEIGHT="296">
            <Shape><Polygon POINTS="1079 3919 1079 3949 1179 3980 1184 3980 1188 3980 1397 3971 1402 3971 1406 3971 1441 3945 1628 3967 1632 3967 2190 3919 2464 3941 2468 3941 2473 3941 2477 3941 2521 3914 2638 3932 2642 3932 2647 3932 2712 3901 3052 3893 3426 3910 3431 3858 3422 3727 3248 3684 3243 3684 3239 3684 3235 3684 3121 3736 3026 3688 3021 3688 3017 3688 2773 3697 2769 3697 2764 3697 2764 3701 2716 3740 2629 3723 2625 3723 2460 3762 2316 3762 2194 3714 2190 3714 2185 3714 2181 3714 2076 3771 1880 3771 1663 3732 1658 3732 1654 3732 1650 3732 1589 3788 1297 3793 1127 3749 1123 3749 1118 3749 1114 3749 1110 3749 1110 3754 1071 3784 1079 3919"/></Shape>
            <String CONTENT="Leuez, leuez les yeux là haut,"
                    HPOS="1071"
                    VPOS="3684"
                    WIDTH="2360"
                    HEIGHT="296"
                    WC="0.969284959377781"></String>
          </TextLine>
          <TextLine ID="eSc_line_22ef6b40"
                    TAGREFS="LT8"
                    BASELINE="879 4136 3261 4058" 
                    HPOS="870"
                    VPOS="3906"
                    WIDTH="2391"
                    HEIGHT="278">
            <Shape><Polygon POINTS="879 4136 879 4171 1149 4158 1184 4180 1188 4180 1193 4180 1197 4184 1536 4184 1536 4180 1541 4180 1671 4141 1737 4171 1741 4171 1745 4171 2107 4136 2190 4158 2194 4158 2198 4158 2730 4106 2886 4128 2891 4128 2895 4128 2899 4128 2899 4123 2921 4106 3108 4123 3113 4123 3117 4123 3121 4123 3152 4097 3256 4115 3261 4058 3252 3949 3065 3906 3060 3906 2991 3910 2986 3910 2982 3910 2930 3954 2882 3914 2878 3914 2873 3914 2804 3914 2799 3914 2795 3914 2790 3914 2730 3967 2538 3971 2155 3936 2150 3936 2146 3936 2142 3936 2142 3941 2094 3984 1867 3958 1863 3958 1859 3958 1732 3997 1545 3984 1541 3984 1441 4006 1345 3980 1341 3980 1336 3980 1101 4015 1005 3975 1001 3975 997 3975 870 3980 879 4136"/></Shape>
            <String CONTENT="Et voyez qui a fait ces choſes"
                    HPOS="870"
                    VPOS="3906"
                    WIDTH="2391"
                    HEIGHT="278"
                    WC="0.9823966999848683"></String>
          </TextLine>
          <TextLine ID="eSc_line_d4ebaa92"
                    TAGREFS="LT8"
                    BASELINE="892 4350 2799 4280 3692 4271" 
                    HPOS="883"
                    VPOS="4097"
                    WIDTH="2809"
                    HEIGHT="309">
            <Shape><Polygon POINTS="3670 4141 3661 4132 3505 4097 3500 4097 3496 4097 3400 4132 3365 4106 3361 4106 3356 4106 3352 4106 3178 4110 3174 4110 3082 4158 2817 4119 2812 4119 2808 4119 2651 4171 2338 4171 2272 4136 2268 4136 2264 4136 2259 4136 2255 4136 2255 4141 2203 4184 1994 4145 1989 4145 1985 4145 1846 4202 1754 4202 1698 4158 1693 4158 1689 4158 1685 4158 1680 4158 1576 4210 1406 4210 1341 4180 1336 4180 1332 4180 1327 4180 1249 4219 1127 4219 1040 4184 1036 4184 1031 4184 883 4189 892 4350 892 4384 988 4406 992 4406 1471 4367 1567 4389 1571 4389 1576 4389 1728 4358 2055 4371 2059 4371 2063 4371 2177 4345 2399 4363 2403 4363 2538 4332 2634 4354 2638 4354 2642 4354 2873 4323 2939 4345 2943 4345 2947 4345 3087 4315 3200 4336 3204 4336 3635 4323 3640 4323 3692 4293 3692 4271 3683 4149 3670 4141"/></Shape>
            <String CONTENT="Par vn tel ordre &amp; nombre eſcloſes,"
                    HPOS="883"
                    VPOS="4097"
                    WIDTH="2809"
                    HEIGHT="309"
                    WC="0.9832576939037868"></String>
          </TextLine>
          <TextLine ID="eSc_line_c7fc47aa"
                    TAGREFS="LT8"
                    BASELINE="901 4554 3396 4484" 
                    HPOS="892"
                    VPOS="4336"
                    WIDTH="2504"
                    HEIGHT="288">
            <Shape><Polygon POINTS="901 4554 901 4584 1049 4624 1053 4624 1367 4576 1462 4602 1467 4602 1471 4602 1476 4602 1576 4571 1828 4602 1833 4602 1837 4602 1911 4563 1959 4584 1963 4584 1968 4584 1972 4584 1976 4584 1976 4580 2002 4558 2076 4584 2081 4584 2085 4584 2089 4584 2185 4554 2486 4580 2490 4580 2808 4537 3117 4554 3121 4554 3126 4554 3130 4554 3130 4550 3152 4532 3313 4550 3317 4550 3322 4550 3396 4519 3396 4484 3387 4371 3282 4345 3278 4345 3274 4345 3269 4345 3187 4371 3082 4336 3078 4336 3073 4336 3069 4336 2999 4367 2882 4345 2878 4345 2873 4345 2869 4345 2869 4350 2830 4384 2412 4367 2407 4367 2403 4367 2338 4389 2216 4363 2211 4363 2207 4363 2089 4410 1462 4419 1306 4389 1301 4389 1297 4389 1136 4432 1053 4393 1049 4393 1044 4393 940 4397 936 4397 931 4397 892 4423 901 4554"/></Shape>
            <String CONTENT="Que lon n’y void aucun defaut."
                    HPOS="892"
                    VPOS="4336"
                    WIDTH="2504"
                    HEIGHT="288"
                    WC="0.9760233799616496"></String>
          </TextLine>
          <TextLine ID="eSc_line_fb5d6207"
                    TAGREFS="LT8"
                    BASELINE="1066 4754 3757 4689" 
                    HPOS="1058"
                    VPOS="4541"
                    WIDTH="2699"
                    HEIGHT="265">
            <Shape><Polygon POINTS="1066 4754 1066 4793 1776 4806 1780 4806 1785 4806 1859 4785 2163 4789 2168 4789 2172 4789 2177 4789 2177 4785 2198 4767 2290 4785 2294 4785 2298 4785 2303 4785 2329 4763 2494 4789 2499 4789 2864 4750 3034 4776 3039 4776 3174 4771 3178 4771 3182 4771 3226 4741 3435 4763 3439 4763 3579 4732 3753 4758 3757 4689 3753 4580 3640 4541 3635 4541 3396 4541 3391 4541 3387 4541 3383 4541 3326 4580 3078 4567 3073 4567 3069 4567 3065 4567 3026 4593 2534 4563 2529 4563 2525 4563 2429 4611 2216 4611 2185 4589 2181 4589 2177 4589 2172 4589 2168 4589 2163 4589 2133 4615 2020 4576 2015 4576 2011 4576 1924 4580 1920 4580 1915 4580 1867 4619 1606 4606 1602 4606 1597 4606 1510 4628 1428 4597 1423 4597 1419 4597 1415 4597 1319 4632 1193 4597 1188 4597 1184 4597 1179 4597 1058 4637 1066 4754"/></Shape>
            <String CONTENT="Comme par noms les cognoiſſant,"
                    HPOS="1058"
                    VPOS="4541"
                    WIDTH="2699"
                    HEIGHT="265"
                    WC="0.9967465631423458"></String>
          </TextLine>
          <TextLine ID="eSc_line_9a5a520d"
                    TAGREFS="LT8"
                    BASELINE="905 4980 2699 4919 3474 4911" 
                    HPOS="896"
                    VPOS="4737"
                    WIDTH="2578"
                    HEIGHT="304">
            <Shape><Polygon POINTS="905 4980 905 5041 1619 5041 1619 5037 1624 5037 1776 4993 1811 5019 1815 5019 1820 5019 1824 5019 1828 5019 1911 4993 2002 5024 2007 5024 2011 5024 2015 5024 2103 4985 2172 5006 2177 5006 2181 5006 2185 5006 2190 5006 2224 4980 2425 4998 2429 4998 2433 4998 2486 4972 2734 4993 2738 4993 2743 4993 2747 4993 2747 4989 2773 4963 2825 4985 2830 4985 2834 4985 2838 4985 2891 4963 3008 4985 3013 4985 3017 4985 3087 4963 3274 4985 3278 4985 3474 4963 3474 4911 3461 4745 3278 4737 3274 4737 3269 4737 3265 4737 3217 4776 3156 4754 3152 4754 3148 4754 3143 4754 3030 4798 2364 4811 2185 4767 2181 4767 2177 4767 2076 4789 2042 4771 2037 4771 2033 4771 2029 4771 2024 4771 1968 4819 1889 4780 1885 4780 1780 4780 1776 4780 1772 4780 1767 4780 1767 4785 1715 4832 1515 4819 1510 4819 1258 4845 1210 4802 1210 4798 1206 4798 1201 4798 1197 4798 927 4806 923 4806 918 4806 896 4819 905 4980"/></Shape>
            <String CONTENT="Il les appelle, il leur commande:"
                    HPOS="896"
                    VPOS="4737"
                    WIDTH="2578"
                    HEIGHT="304"
                    WC="0.9819158568526759"></String>
          </TextLine>
          <TextLine ID="eSc_line_218c9a7e"
                    TAGREFS="LT8"
                    BASELINE="914 5189 2947 5133" 
                    HPOS="905"
                    VPOS="4985"
                    WIDTH="2042"
                    HEIGHT="269">
            <Shape><Polygon POINTS="914 5189 914 5241 1040 5254 1044 5254 1049 5254 1149 5220 1271 5246 1275 5246 1432 5220 1619 5237 1624 5237 1628 5237 1745 5198 1789 5228 1793 5228 1798 5228 1802 5228 1994 5215 1998 5215 2002 5215 2002 5211 2007 5211 2024 5189 2107 5220 2111 5220 2116 5220 2120 5220 2185 5185 2464 5215 2468 5215 2473 5215 2477 5215 2477 5211 2512 5176 2608 5202 2612 5202 2616 5202 2621 5202 2625 5202 2677 5167 2804 5167 2847 5198 2851 5198 2856 5198 2860 5198 2864 5198 2869 5198 2895 5172 2934 5189 2947 5133 2930 5006 2891 5019 2790 4985 2786 4985 2782 4985 2433 5032 2355 4998 2351 4998 2346 4998 2342 4998 2338 4998 2290 5037 2020 5024 2015 5024 1841 5050 1728 5019 1724 5019 1719 5019 1715 5019 1711 5019 1711 5024 1671 5054 1384 5037 1380 5037 1375 5037 1371 5037 1327 5063 905 5041 914 5189"/></Shape>
            <String CONTENT="Et n’y a petite ne grande"
                    HPOS="905"
                    VPOS="4985"
                    WIDTH="2042"
                    HEIGHT="269"
                    WC="0.9756435251235962"></String>
          </TextLine>
          <TextLine ID="eSc_line_238309e1"
                    TAGREFS="LT8"
                    BASELINE="918 5394 3021 5341" 
                    HPOS="910"
                    VPOS="5189"
                    WIDTH="2111"
                    HEIGHT="274">
            <Shape><Polygon POINTS="918 5394 918 5428 1027 5463 1031 5463 1036 5463 1502 5428 1528 5450 1532 5450 1536 5450 1541 5450 1750 5446 1754 5446 1759 5446 1789 5420 1850 5437 1854 5437 1859 5437 2103 5402 2137 5428 2142 5428 2146 5428 2150 5428 2155 5428 2159 5428 2159 5424 2185 5398 2325 5394 2399 5424 2403 5424 2407 5424 2412 5424 2416 5424 2455 5398 2568 5411 2573 5411 2699 5385 2756 5415 2760 5415 2764 5415 2769 5415 2864 5380 2912 5398 2917 5398 2921 5398 2925 5398 3021 5372 3021 5341 3013 5228 2912 5206 2908 5206 2904 5206 2817 5228 2769 5189 2764 5189 2760 5189 2669 5189 2664 5189 2660 5189 2568 5237 2416 5237 2351 5198 2346 5198 2342 5198 2338 5198 2333 5198 2329 5198 2264 5241 1968 5206 1963 5206 1606 5254 1536 5220 1532 5220 1528 5220 1523 5220 1432 5267 1171 5267 1118 5233 1114 5233 1110 5233 966 5233 962 5233 957 5233 953 5233 910 5254 918 5394"/></Shape>
            <String CONTENT="Qui ne iuy aille obeiſſant."
                    HPOS="910"
                    VPOS="5189"
                    WIDTH="2111"
                    HEIGHT="274"
                    WC="0.995821182374601"></String>
          </TextLine>
          <TextLine ID="eSc_line_2da75d04"
                    TAGREFS="LT8"
                    BASELINE="1118 5598 3500 5537" 
                    HPOS="1110"
                    VPOS="5385"
                    WIDTH="2390"
                    HEIGHT="278">
            <Shape><Polygon POINTS="3465 5424 3448 5415 3335 5385 3330 5385 3326 5385 3322 5385 3208 5428 3087 5411 3082 5411 2808 5446 2603 5446 2534 5411 2529 5411 2525 5411 2521 5411 2516 5411 2464 5446 2150 5450 2042 5420 2037 5420 2033 5420 2029 5420 2024 5420 1963 5463 1859 5463 1806 5424 1802 5424 1798 5424 1793 5424 1789 5424 1741 5446 1676 5428 1671 5428 1667 5428 1663 5428 1658 5428 1611 5472 1506 5433 1502 5433 1497 5433 1493 5433 1489 5433 1489 5437 1445 5481 1375 5481 1253 5441 1249 5441 1245 5441 1110 5441 1118 5598 1118 5633 1240 5663 1245 5663 1249 5663 1306 5641 1449 5659 1454 5659 1458 5659 1462 5659 1462 5654 1497 5624 1624 5654 1628 5654 1632 5654 1637 5654 1637 5650 1667 5624 1741 5646 1745 5646 1750 5646 1754 5646 1846 5615 1941 5646 1946 5646 1950 5646 1954 5646 1959 5646 1985 5624 2246 5637 2251 5637 2255 5637 2351 5602 2416 5628 2420 5628 2425 5628 2429 5628 2525 5598 2638 5628 2642 5628 2647 5628 2651 5628 2725 5594 2895 5620 2899 5620 3052 5585 3104 5602 3108 5602 3113 5602 3343 5576 3413 5607 3417 5607 3422 5607 3426 5607 3500 5585 3500 5537 3496 5437 3465 5424"/></Shape>
            <String CONTENT="Iacob, lſrael, pourquoy ments,"
                    HPOS="1110"
                    VPOS="5385"
                    WIDTH="2390"
                    HEIGHT="278"
                    WC="0.9632619579633077"></String>
          </TextLine>
          <TextLine ID="eSc_line_748dbfc7"
                    TAGREFS="LT8"
                    BASELINE="918 5815 3496 5737" 
                    HPOS="914"
                    VPOS="5585"
                    WIDTH="2582"
                    HEIGHT="296">
            <Shape><Polygon POINTS="918 5815 918 5855 1023 5872 1027 5872 1031 5872 1097 5850 1184 5881 1188 5881 1193 5881 1371 5842 1462 5872 1467 5872 1471 5872 1476 5872 1541 5837 1624 5868 1628 5868 1632 5868 1637 5868 1689 5842 1780 5859 1785 5859 1789 5859 1793 5859 1833 5828 2046 5842 2050 5842 2055 5842 2059 5842 2081 5820 2155 5842 2159 5842 2163 5842 2168 5842 2172 5842 2207 5820 2342 5846 2346 5846 2455 5842 2460 5842 2464 5842 2499 5811 2590 5828 2595 5828 2847 5798 2943 5824 2947 5824 2952 5824 2956 5824 3017 5798 3182 5815 3187 5815 3191 5815 3256 5785 3383 5811 3387 5811 3391 5811 3496 5776 3496 5737 3487 5585 3152 5585 3148 5585 3143 5585 3139 5585 3073 5637 2790 5620 2786 5620 2272 5663 2207 5663 2150 5615 2146 5615 2142 5615 2137 5615 2042 5624 2037 5624 2033 5624 2033 5628 1998 5659 1907 5624 1902 5624 1898 5624 1894 5624 1889 5624 1828 5676 1676 5663 1671 5663 1545 5689 1354 5689 1267 5646 1262 5646 1132 5646 1127 5646 914 5698 918 5815"/></Shape>
            <String CONTENT="Diſant que le Seigneur t’oublie?"
                    HPOS="914"
                    VPOS="5585"
                    WIDTH="2582"
                    HEIGHT="296"
                    WC="0.9959500562399626"></String>
          </TextLine>
          <TextLine ID="eSc_line_aa6676d2"
                    TAGREFS="LT8"
                    BASELINE="940 6029 3596 5942" 
                    HPOS="931"
                    VPOS="5794"
                    WIDTH="2665"
                    HEIGHT="326">
            <Shape><Polygon POINTS="940 6029 944 6120 1018 6098 1201 6111 1206 6111 1210 6111 1341 6059 1458 6059 1541 6094 1545 6094 1550 6094 1554 6094 1645 6055 1728 6089 1732 6089 1737 6094 1867 6094 1867 6089 1872 6089 1876 6089 1876 6085 1915 6050 2037 6068 2042 6068 2046 6068 2142 6033 2233 6068 2237 6068 2242 6068 2246 6068 2251 6068 2251 6063 2285 6033 2390 6072 2394 6072 2399 6072 2625 6063 2629 6063 2634 6063 2712 6011 2817 6011 2851 6037 2856 6037 2860 6037 2864 6037 2869 6037 2934 6007 3026 6024 3030 6024 3034 6024 3121 6002 3148 6024 3152 6024 3156 6024 3161 6024 3330 5998 3457 6020 3461 6020 3596 5985 3596 5942 3583 5794 3513 5794 3509 5794 3505 5794 3500 5794 3448 5842 3100 5846 2939 5811 2934 5811 2930 5811 2925 5811 2873 5855 2734 5842 2730 5842 2390 5872 2033 5842 2029 5842 2024 5842 2020 5842 1950 5885 1754 5885 1719 5855 1715 5855 1711 5855 1706 5855 1702 5855 1563 5889 1506 5872 1502 5872 1497 5872 1493 5872 1489 5872 1441 5902 1358 5863 1354 5863 1349 5863 1201 5868 1197 5868 1140 5898 1014 5876 1010 5876 1005 5876 1001 5876 931 5911 940 6029"/></Shape>
            <String CONTENT="Qu’il ne luy chaut point de ta vie?"
                    HPOS="931"
                    VPOS="5794"
                    WIDTH="2665"
                    HEIGHT="326"
                    WC="0.9784362707819257"></String>
          </TextLine>
          <TextLine ID="eSc_line_500cc270"
                    TAGREFS="LT8"
                    BASELINE="953 6242 3265 6176" 
                    HPOS="944"
                    VPOS="6024"
                    WIDTH="2321"
                    HEIGHT="283">
            <Shape><Polygon POINTS="953 6242 953 6268 1101 6307 1105 6307 1371 6290 1375 6290 1380 6290 1415 6259 1541 6285 1545 6285 1550 6285 1615 6255 1759 6285 1763 6285 1941 6259 1994 6281 1998 6281 2002 6281 2007 6281 2011 6281 2059 6250 2233 6263 2237 6263 2390 6233 2642 6263 2647 6263 2651 6263 2812 6220 2947 6255 2952 6255 2956 6255 2960 6255 2965 6255 3013 6224 3100 6250 3104 6250 3108 6250 3113 6250 3117 6250 3178 6207 3265 6203 3265 6176 3256 6050 3182 6024 3178 6024 3174 6024 3169 6024 3091 6068 2912 6068 2864 6033 2860 6033 2856 6033 2851 6033 2847 6033 2843 6033 2799 6063 2764 6046 2760 6046 2756 6046 2751 6046 2634 6081 2325 6085 2272 6050 2268 6050 2264 6050 2181 6050 2177 6050 2172 6050 2033 6089 1902 6059 1898 6059 1894 6059 1889 6059 1889 6063 1854 6098 1793 6072 1789 6072 1785 6072 1780 6072 1693 6103 1545 6085 1541 6085 1432 6107 1388 6076 1384 6076 1380 6076 1253 6076 1249 6076 1245 6076 1240 6076 1179 6116 1066 6085 1062 6085 1058 6085 944 6103 953 6242"/></Shape>
            <String CONTENT="Qu’il te cache ſes iugemens?"
                    HPOS="944"
                    VPOS="6024"
                    WIDTH="2321"
                    HEIGHT="283"
                    WC="0.9934787707669395"></String>
          </TextLine>
          <TextLine ID="eSc_line_dd171d0c"
                    TAGREFS="LT8"
                    BASELINE="1145 6442 3422 6381" 
                    HPOS="1136"
                    VPOS="6229"
                    WIDTH="2286"
                    HEIGHT="269">
            <Shape><Polygon POINTS="1145 6442 1145 6498 1515 6464 1589 6498 1593 6498 1597 6498 1602 6498 1676 6472 1915 6490 1920 6490 1924 6490 1928 6490 1985 6451 2107 6477 2111 6477 2264 6446 2442 6477 2446 6477 2451 6477 2525 6437 2612 6459 2616 6459 2621 6459 2930 6424 2991 6455 2995 6455 2999 6459 3065 6459 3065 6455 3069 6455 3073 6455 3073 6451 3078 6451 3100 6424 3304 6451 3309 6451 3313 6451 3422 6411 3422 6381 3417 6268 3352 6229 3348 6229 3343 6229 3256 6229 3252 6229 3100 6246 3095 6246 3091 6246 3091 6250 3060 6277 2969 6259 2965 6259 2695 6285 2612 6255 2608 6255 2603 6255 2599 6255 2512 6290 2451 6250 2446 6250 2442 6250 2438 6250 2107 6303 1911 6290 1907 6290 1410 6320 1354 6281 1349 6281 1345 6281 1341 6281 1136 6298 1145 6442"/></Shape>
            <String CONTENT="N’a,-tu point ſeu &amp; entendu"
                    HPOS="1136"
                    VPOS="6229"
                    WIDTH="2286"
                    HEIGHT="269"
                    WC="0.9774367191173412"></String>
          </TextLine>
          <TextLine ID="eSc_line_f4216894"
                    TAGREFS="LT8"
                    BASELINE="892 6625 1023 6646 1968 6642 3753 6581" 
                    HPOS="892"
                    VPOS="6411"
                    WIDTH="2861"
                    HEIGHT="379">
            <Shape><Polygon POINTS="3714 6455 3670 6433 3605 6411 3600 6411 3596 6411 3592 6411 3496 6451 3400 6420 3396 6420 3391 6420 3387 6420 3213 6464 2969 6429 2965 6429 2960 6429 2782 6485 2625 6485 2525 6442 2521 6442 2516 6442 2512 6442 2342 6490 2203 6451 2198 6451 2194 6451 2190 6451 2089 6503 1815 6507 1693 6468 1689 6468 1685 6468 1680 6468 1593 6503 1523 6468 1519 6468 1515 6468 1510 6468 1506 6468 1441 6516 1345 6472 1341 6472 1336 6472 1040 6481 1036 6481 1031 6481 970 6533 892 6533 892 6625 892 6746 1018 6764 1023 6764 1027 6764 1031 6764 1062 6742 1110 6785 1114 6785 1118 6785 1123 6790 1197 6790 1197 6785 1201 6785 1206 6785 1297 6716 1462 6729 1467 6729 1619 6703 1680 6725 1685 6725 1689 6725 1693 6725 1767 6698 1898 6764 1902 6764 1907 6768 1981 6768 1981 6764 1985 6764 1989 6764 1989 6759 2033 6725 2103 6733 2107 6733 2111 6733 2116 6733 2198 6681 2377 6681 2433 6707 2438 6707 2442 6707 2730 6672 2843 6677 2917 6738 2921 6738 2925 6738 2930 6738 3483 6725 3487 6725 3753 6642 3753 6581 3748 6468 3714 6455"/></Shape>
            <String CONTENT="Qu’il eſt Seigneur de tout le monde?"
                    HPOS="892"
                    VPOS="6411"
                    WIDTH="2861"
                    HEIGHT="379"
                    WC="0.9897620495822694"></String>
          </TextLine>
        </TextBlock>
        <TextBlock HPOS="1602"
                   VPOS="432"
                   WIDTH="1624"
                   HEIGHT="303"
                   ID="eSc_textblock_14dd7cfe"
                   TAGREFS="BT18">
          <Shape><Polygon POINTS="1602 432 1602 735 3226 735 3226 432"/></Shape>
          <TextLine ID="eSc_line_b2c490ae"
                    TAGREFS="LT10"
                    BASELINE="1641 687 3121 643" 
                    HPOS="1632"
                    VPOS="495"
                    WIDTH="1489"
                    HEIGHT="244">
            <Shape><Polygon POINTS="3069 522 3026 522 2982 517 2939 517 2895 513 2851 513 2808 508 2764 508 2721 504 2708 504 2690 513 2655 504 2634 504 2590 500 2547 500 2499 522 2438 495 2433 495 2255 495 2251 495 2246 495 2242 495 2242 500 2211 530 2129 500 2124 500 2120 500 1920 548 1802 548 1750 513 1745 513 1741 513 1737 513 1732 513 1632 539 1641 687 1641 713 1802 713 1850 739 1854 739 1859 739 1863 739 1867 739 2007 704 2063 730 2068 730 2072 730 2351 696 2516 739 2521 739 2525 739 2856 726 2860 726 2952 678 2995 709 2999 709 3004 709 3008 709 3121 691 3121 643 3113 522"/></Shape>
            <String CONTENT="CANTIOVES."
                    HPOS="1632"
                    VPOS="495"
                    WIDTH="1489"
                    HEIGHT="244"
                    WC="0.996337753534317"></String>
          </TextLine>
        </TextBlock>
        <TextBlock HPOS="3691"
                   VPOS="6618"
                   WIDTH="384"
                   HEIGHT="266"
                   ID="eSc_textblock_aea41d21"
                   TAGREFS="BT17">
          <Shape><Polygon POINTS="3691 6618 3691 6884 4075 6884 4075 6618"/></Shape>
          <TextLine ID="eSc_line_a8df33c5"
                    TAGREFS="LT8"
                    BASELINE="3748 6764 4018 6764" 
                    HPOS="3748"
                    VPOS="6568"
                    WIDTH="270"
                    HEIGHT="331">
            <Shape><Polygon POINTS="4010 6590 3966 6568 3936 6568 3931 6568 3927 6568 3923 6568 3923 6572 3875 6616 3748 6629 3748 6764 3748 6877 4014 6899 4018 6764 4018 6716 4010 6590"/></Shape>
            <String CONTENT="Qu&#x27;i"
                    HPOS="3748"
                    VPOS="6568"
                    WIDTH="270"
                    HEIGHT="331"
                    WC="0.9840106666088104"></String>
          </TextLine>
        </TextBlock>
      </PrintSpace>
    </Page>
  </Layout>
</alto>
