<?xml version="1.0" encoding="UTF-8"?>
<alto xmlns:xsi="http://www.w3.org/2001/XMLSchema-instance"
      xmlns="http://www.loc.gov/standards/alto/ns-v4#"
      xsi:schemaLocation="http://www.loc.gov/standards/alto/ns-v4# http://www.loc.gov/standards/alto/v4/alto-4-2.xsd">
  <Description>
    <MeasurementUnit>pixel</MeasurementUnit>
    <sourceImageInformation>
      <fileName>CRRS02_Chansons_spirituelles.pdf_page_395.png</fileName>
      <fileIdentifier>pdf//CRRS02_Chansons_spirituelles.pdf</fileIdentifier>
    </sourceImageInformation>
  </Description>
  <Tags>
    <OtherTag ID="BT7" LABEL="CustomZone" DESCRIPTION="block type CustomZone"/><OtherTag ID="BT8" LABEL="DamageZone" DESCRIPTION="block type DamageZone"/><OtherTag ID="BT9" LABEL="DigitizationArtefactZone" DESCRIPTION="block type DigitizationArtefactZone"/><OtherTag ID="BT10" LABEL="DropCapitalZone" DESCRIPTION="block type DropCapitalZone"/><OtherTag ID="BT11" LABEL="GraphicZone" DESCRIPTION="block type GraphicZone"/><OtherTag ID="BT12" LABEL="MainZone" DESCRIPTION="block type MainZone"/><OtherTag ID="BT13" LABEL="MarginTextZone" DESCRIPTION="block type MarginTextZone"/><OtherTag ID="BT14" LABEL="MusicZone" DESCRIPTION="block type MusicZone"/><OtherTag ID="BT15" LABEL="NumberingZone" DESCRIPTION="block type NumberingZone"/><OtherTag ID="BT17" LABEL="QuireMarksZone" DESCRIPTION="block type QuireMarksZone"/><OtherTag ID="BT18" LABEL="RunningTitleZone" DESCRIPTION="block type RunningTitleZone"/><OtherTag ID="BT19" LABEL="SealZone" DESCRIPTION="block type SealZone"/><OtherTag ID="BT20" LABEL="StampZone" DESCRIPTION="block type StampZone"/><OtherTag ID="BT21" LABEL="TableZone" DESCRIPTION="block type TableZone"/><OtherTag ID="BT22" LABEL="TitlePageZone" DESCRIPTION="block type TitlePageZone"/>
    <OtherTag ID="LT7" LABEL="CustomLine" DESCRIPTION="line type CustomLine"/><OtherTag ID="LT8" LABEL="DefaultLine" DESCRIPTION="line type DefaultLine"/><OtherTag ID="LT9" LABEL="DropCapitalLine" DESCRIPTION="line type DropCapitalLine"/><OtherTag ID="LT10" LABEL="HeadingLine" DESCRIPTION="line type HeadingLine"/><OtherTag ID="LT11" LABEL="InterlinearLine" DESCRIPTION="line type InterlinearLine"/><OtherTag ID="LT12" LABEL="MusicLine" DESCRIPTION="line type MusicLine"/><OtherTag ID="LT1330" LABEL="default" DESCRIPTION="line type default"/>
  </Tags>
  <Layout>
    <Page WIDTH="4267"
          HEIGHT="7638"
          PHYSICAL_IMG_NR="394"
          ID="eSc_dummypage_">
      <PrintSpace HPOS="0"
                  VPOS="0"
                  WIDTH="4267"
                  HEIGHT="7638">
        <TextBlock HPOS="3005"
                   VPOS="543"
                   WIDTH="398"
                   HEIGHT="243"
                   ID="eSc_textblock_dd98798f"
                   TAGREFS="BT15">
          <Shape><Polygon POINTS="3005 543 3005 786 3403 786 3403 543"/></Shape>
          <TextLine ID="eSc_line_4deb98f1"
                    TAGREFS="LT8"
                    BASELINE="3064 727 3337 727" 
                    HPOS="3063"
                    VPOS="547"
                    WIDTH="267"
                    HEIGHT="280">
            <Shape><Polygon POINTS="3318 547 3254 547 3190 547 3127 547 3063 547 3063 725 3063 821 3324 827 3330 725 3330 547 3318 547"/></Shape>
            <String CONTENT="38◊"
                    HPOS="3063"
                    VPOS="547"
                    WIDTH="267"
                    HEIGHT="280"
                    WC="0.9999603033065796"></String>
          </TextLine>
        </TextBlock>
        <TextBlock HPOS="620"
                   VPOS="439"
                   WIDTH="1705"
                   HEIGHT="259"
                   ID="eSc_textblock_233c33ab"
                   TAGREFS="BT18">
          <Shape><Polygon POINTS="620 439 620 698 2325 698 2325 439"/></Shape>
          <TextLine ID="eSc_line_572cfd66"
                    TAGREFS="LT10"
                    BASELINE="709 628 2216 644" 
                    HPOS="704"
                    VPOS="466"
                    WIDTH="1512"
                    HEIGHT="255">
            <Shape><Polygon POINTS="2067 500 2025 496 1982 496 1940 496 1897 496 1855 492 1812 492 1770 492 1728 487 1685 487 1643 487 1600 483 1558 483 1515 483 1473 479 1430 479 1388 479 1345 475 1303 475 1273 475 1260 475 1218 471 1176 471 1133 471 1091 466 1048 466 1035 466 1006 496 819 496 738 492 721 466 709 628 704 657 917 708 921 708 925 708 1069 666 1154 704 1159 704 1163 704 1167 704 1265 674 1418 695 1422 695 1426 695 1498 674 1549 717 1553 717 1558 717 1838 721 1842 721 1846 721 1851 721 1897 687 1919 704 1923 704 1927 704 1931 704 1936 704 2025 678 2080 704 2084 704 2088 704 2212 674 2216 644 2212 509 2139 500 2110 500"/></Shape>
            <String CONTENT="CANTIQVES."
                    HPOS="704"
                    VPOS="466"
                    WIDTH="1512"
                    HEIGHT="255"
                    WC="0.9982195317745208"></String>
          </TextLine>
        </TextBlock>
        <TextBlock HPOS="74"
                   VPOS="697"
                   WIDTH="2857"
                   HEIGHT="5803"
                   ID="eSc_textblock_0c9ef791"
                   TAGREFS="BT12">
          <Shape><Polygon POINTS="185 697 74 6404 2104 6500 2724 5214 2763 4449 2931 1162 2246 709"/></Shape>
          <TextLine ID="eSc_line_2267dd8b"
                    TAGREFS="LT8"
                    BASELINE="237 865 2026 874" 
                    HPOS="233"
                    VPOS="721"
                    WIDTH="1889"
                    HEIGHT="216">
            <Shape><Polygon POINTS="237 734 237 865 233 903 258 925 258 929 263 929 267 929 271 929 275 929 280 929 326 903 666 903 687 925 687 929 692 929 696 929 700 929 704 929 751 903 1035 903 1061 925 1061 929 1065 929 1069 929 1180 933 1184 933 1188 933 1244 912 1265 929 1265 933 1269 933 1273 933 1277 937 1914 937 1914 933 2118 903 2122 874 2118 772 1995 772 1948 738 1944 738 1940 738 1936 738 1931 738 1927 738 1897 759 1851 725 1846 725 1842 725 1838 725 1592 734 1587 734 1511 768 1460 725 1456 725 1452 725 1307 725 1303 725 1299 725 1294 725 1248 763 1227 746 1227 742 1222 742 1218 742 1214 742 1210 742 1205 742 1180 768 1006 768 938 734 934 734 929 734 925 734 853 763 683 763 607 721 602 721 598 721 445 755 275 721 275 725"/></Shape>
            <String CONTENT="De iamais m’en ſouuenir."
                    HPOS="233"
                    VPOS="721"
                    WIDTH="1889"
                    HEIGHT="216"
                    WC="0.9907022515932719"></String>
          </TextLine>
          <TextLine ID="eSc_line_5f39cd87"
                    TAGREFS="LT8"
                    BASELINE="348 1060 2640 1099" 
                    HPOS="343"
                    VPOS="908"
                    WIDTH="2297"
                    HEIGHT="254">
            <Shape><Polygon POINTS="2598 984 2555 971 2513 963 2500 958 2449 975 2428 958 2428 954 2424 954 2420 954 2415 954 2114 971 2037 937 2033 937 2029 937 1910 963 1829 929 1825 929 1553 929 1549 929 1545 929 1418 963 1362 920 1358 920 1354 920 1350 920 1065 925 1061 925 951 954 827 912 823 912 819 912 815 912 810 912 810 916 768 954 624 954 484 908 479 908 475 908 471 908 467 908 433 937 352 912 348 1060 343 1107 382 1128 386 1128 390 1128 394 1128 836 1111 878 1137 883 1137 887 1137 891 1137 1002 1115 1294 1141 1299 1141 1303 1141 1362 1120 1426 1145 1430 1145 1435 1145 1778 1128 1842 1149 1846 1149 1851 1149 1855 1149 1859 1149 1859 1145 1880 1128 1948 1154 1953 1154 1957 1154 2377 1137 2632 1162 2640 1099 2640 992 2598 984"/></Shape>
            <String CONTENT="Mon cœur, ô Dieu, ſe tormente,"
                    HPOS="343"
                    VPOS="908"
                    WIDTH="2297"
                    HEIGHT="254"
                    WC="0.9796025003156354"></String>
          </TextLine>
          <TextLine ID="eSc_line_476e2667"
                    TAGREFS="LT8"
                    BASELINE="233 1260 2623 1298" 
                    HPOS="229"
                    VPOS="1115"
                    WIDTH="2394"
                    HEIGHT="242">
            <Shape><Polygon POINTS="233 1260 229 1298 292 1328 297 1328 301 1328 305 1328 399 1302 658 1328 662 1328 759 1306 874 1336 878 1336 883 1336 1112 1315 1583 1349 1587 1349 1592 1349 1660 1323 1685 1345 1685 1349 1689 1349 1694 1349 1698 1349 1817 1332 2088 1357 2093 1357 2097 1357 2169 1336 2572 1357 2577 1357 2581 1357 2585 1357 2619 1332 2623 1298 2615 1175 2377 1179 2305 1145 2301 1145 2296 1145 2093 1175 2042 1141 2037 1141 2033 1141 2029 1141 2025 1141 1931 1171 1821 1137 1817 1137 1812 1137 1600 1166 1545 1132 1541 1132 1536 1132 1532 1132 1354 1158 1244 1128 1239 1128 1235 1128 1231 1128 1227 1128 1227 1132 1197 1162 1031 1162 968 1128 963 1128 959 1128 955 1128 951 1128 908 1158 781 1158 709 1120 704 1120 700 1120 696 1120 611 1149 501 1115 496 1115 492 1115 394 1137 365 1115 360 1115 356 1115 352 1115 233 1120 233 1260"/></Shape>
            <String CONTENT="Ma douleur touſiours s’augmente:"
                    HPOS="229"
                    VPOS="1115"
                    WIDTH="2394"
                    HEIGHT="242"
                    WC="0.9971728827804327"></String>
          </TextLine>
          <TextLine ID="eSc_line_b6e742ea"
                    TAGREFS="LT8"
                    BASELINE="233 1459 2339 1510" 
                    HPOS="229"
                    VPOS="1302"
                    WIDTH="2110"
                    HEIGHT="272">
            <Shape><Polygon POINTS="233 1459 229 1502 258 1527 263 1527 267 1527 271 1527 543 1506 636 1527 641 1527 645 1527 726 1510 802 1540 806 1540 810 1540 1052 1519 1099 1548 1103 1548 1108 1548 1112 1548 1116 1548 1227 1523 1545 1527 1570 1553 1570 1557 1575 1557 1579 1557 1583 1557 1774 1536 1974 1565 1978 1565 1982 1565 2025 1544 2161 1574 2165 1574 2169 1574 2173 1574 2203 1553 2330 1561 2339 1510 2339 1387 2148 1353 2144 1353 2033 1374 1868 1340 1863 1340 1859 1340 1855 1340 1821 1366 1787 1336 1783 1336 1778 1336 1774 1336 1401 1362 1277 1323 1273 1323 1176 1323 1171 1323 1167 1323 1163 1323 1108 1357 772 1353 721 1311 717 1311 713 1311 551 1306 547 1306 543 1306 475 1340 352 1340 314 1306 314 1302 309 1302 305 1302 301 1302 233 1311 233 1459"/></Shape>
            <String CONTENT="Quand ſera-ce, ô mon Sauueur,"
                    HPOS="229"
                    VPOS="1302"
                    WIDTH="2110"
                    HEIGHT="272"
                    WC="0.9943283875783284"></String>
          </TextLine>
          <TextLine ID="eSc_line_8864cd69"
                    TAGREFS="LT8"
                    BASELINE="233 1654 1834 1688" 
                    HPOS="229"
                    VPOS="1514"
                    WIDTH="1605"
                    HEIGHT="242">
            <Shape><Polygon POINTS="233 1654 229 1727 759 1710 853 1735 857 1735 861 1735 1027 1710 1176 1752 1180 1752 1184 1752 1384 1727 1460 1756 1464 1756 1469 1756 1473 1756 1562 1727 1694 1756 1698 1756 1829 1722 1834 1688 1834 1565 1770 1540 1766 1540 1761 1540 1757 1540 1672 1561 1643 1536 1638 1536 1634 1536 1630 1536 1486 1557 1435 1536 1430 1536 1426 1536 1422 1536 1362 1561 1337 1536 1337 1531 1333 1531 1328 1531 1324 1531 1057 1557 1014 1536 1010 1536 1006 1536 861 1553 785 1519 781 1519 776 1519 772 1519 768 1519 721 1553 641 1553 581 1514 577 1514 573 1514 568 1514 433 1540 233 1519 233 1654"/></Shape>
            <String CONTENT="Que ſentiray ta faueur?"
                    HPOS="229"
                    VPOS="1514"
                    WIDTH="1605"
                    HEIGHT="242"
                    WC="0.986937209315922"></String>
          </TextLine>
          <TextLine ID="eSc_line_1a6ecd45"
                    TAGREFS="LT8"
                    BASELINE="433 1867 2335 1909" 
                    HPOS="428"
                    VPOS="1718"
                    WIDTH="1907"
                    HEIGHT="255">
            <Shape><Polygon POINTS="433 1867 428 1909 471 1934 475 1934 479 1934 484 1934 641 1913 738 1939 743 1939 747 1939 1069 1922 1188 1951 1193 1951 1197 1951 1201 1951 1273 1926 1396 1947 1401 1947 1566 1930 1613 1951 1617 1951 1621 1951 1732 1934 1753 1960 1757 1960 1757 1964 1761 1964 1766 1964 1770 1964 1885 1947 2326 1973 2335 1909 2335 1799 2152 1752 2148 1752 2144 1752 2004 1790 1953 1752 1948 1752 1944 1752 1940 1752 1936 1752 1872 1786 1838 1752 1838 1748 1834 1748 1829 1748 1579 1744 1575 1744 1392 1777 1125 1748 1120 1748 976 1765 938 1735 938 1731 934 1731 929 1731 925 1731 921 1731 827 1765 785 1727 785 1722 781 1722 776 1722 772 1722 768 1722 658 1760 573 1760 530 1722 530 1718 526 1718 522 1718 517 1718 513 1718 433 1739 433 1867"/></Shape>
            <String CONTENT="La choſe que ie demande,"
                    HPOS="428"
                    VPOS="1718"
                    WIDTH="1907"
                    HEIGHT="255"
                    WC="0.9848997543255488"></String>
          </TextLine>
          <TextLine ID="eSc_line_b22f9186"
                    TAGREFS="LT8"
                    BASELINE="229 2062 2551 2113" 
                    HPOS="225"
                    VPOS="1909"
                    WIDTH="2326"
                    HEIGHT="276">
            <Shape><Polygon POINTS="2521 1994 2390 1956 2386 1956 2381 1956 2229 1985 2156 1951 2152 1951 2148 1951 2144 1951 2054 1990 1876 1990 1723 1939 1719 1939 1634 1939 1630 1939 1626 1939 1621 1939 1583 1973 1519 1943 1515 1943 1511 1943 1422 1960 1392 1934 1392 1930 1388 1930 1384 1930 1231 1930 1227 1930 1222 1930 1218 1930 1167 1973 997 1973 687 1964 641 1922 641 1917 636 1917 632 1917 628 1917 420 1956 369 1917 365 1917 360 1917 229 1909 229 2062 225 2113 297 2142 301 2142 305 2147 403 2147 403 2142 407 2142 411 2142 454 2113 607 2134 611 2134 764 2117 815 2155 819 2155 823 2155 827 2155 1159 2125 1388 2168 1392 2168 1396 2168 1507 2134 1749 2138 1766 2164 1770 2164 1770 2168 1774 2168 1778 2168 1783 2168 1787 2168 1851 2142 1889 2176 1893 2176 1897 2176 1902 2176 2105 2159 2156 2185 2161 2185 2165 2185 2547 2151 2551 2113 2551 2028 2521 1994"/></Shape>
            <String CONTENT="Quant à toy, n’eſt pas fort grande:"
                    HPOS="225"
                    VPOS="1909"
                    WIDTH="2326"
                    HEIGHT="276"
                    WC="0.9926118476050241"></String>
          </TextLine>
          <TextLine ID="eSc_line_b70dd3de"
                    TAGREFS="LT8"
                    BASELINE="216 2261 2594 2333" 
                    HPOS="216"
                    VPOS="2113"
                    WIDTH="2378"
                    HEIGHT="297">
            <Shape><Polygon POINTS="216 2142 216 2261 216 2338 288 2308 912 2363 917 2363 921 2363 1006 2325 1159 2359 1163 2359 1167 2359 1252 2333 1469 2333 1587 2338 1626 2380 1626 2384 1630 2384 1634 2384 1638 2388 1706 2388 1706 2384 1711 2384 1715 2384 1715 2380 1757 2346 1957 2388 1961 2388 1965 2388 2059 2359 2148 2397 2152 2397 2156 2397 2437 2384 2585 2410 2594 2333 2589 2193 2445 2215 2152 2172 2148 2172 2144 2172 2042 2206 1897 2206 1812 2164 1808 2164 1617 2155 1541 2155 1536 2155 1532 2155 1528 2155 1528 2159 1490 2189 1354 2189 1201 2142 1197 2142 1193 2142 1188 2142 1116 2176 564 2164 505 2134 501 2134 496 2134 382 2155 335 2117 331 2117 326 2117 233 2113 216 2142"/></Shape>
            <String CONTENT="Mais moy, qui moins que rien puis,"
                    HPOS="216"
                    VPOS="2113"
                    WIDTH="2378"
                    HEIGHT="297"
                    WC="0.9721326547510484"></String>
          </TextLine>
          <TextLine ID="eSc_line_df91f923"
                    TAGREFS="LT8"
                    BASELINE="229 2469 2102 2481" 
                    HPOS="216"
                    VPOS="2297"
                    WIDTH="1885"
                    HEIGHT="274">
            <Shape><Polygon POINTS="216 2533 1038 2565 1044 2565 1050 2565 1190 2533 1350 2571 1356 2571 1362 2571 1369 2571 1375 2571 1439 2533 1834 2571 1840 2571 2095 2526 2101 2475 2095 2348 1101 2304 1095 2304 363 2335 229 2297 222 2463 216 2533"/></Shape>
            <String CONTENT="Plus ne ſçay là où i’en ſuis."
                    HPOS="216"
                    VPOS="2297"
                    WIDTH="1885"
                    HEIGHT="274"
                    WC="0.9683868577403407"></String>
          </TextLine>
          <TextLine ID="eSc_line_79d424e8"
                    TAGREFS="LT8"
                    BASELINE="314 2677 2118 2715 2346 2707" 
                    HPOS="305"
                    VPOS="2514"
                    WIDTH="2038"
                    HEIGHT="292">
            <Shape><Polygon POINTS="312 2673 305 2724 464 2775 471 2775 477 2775 776 2736 1095 2787 1101 2787 1655 2756 1700 2787 1706 2787 1713 2787 1719 2787 1967 2762 2037 2806 2044 2806 2050 2806 2057 2806 2063 2806 2190 2775 2330 2794 2343 2705 2337 2571 312 2514 312 2673"/></Shape>
            <String CONTENT="Seigneur regarde en la face"
                    HPOS="305"
                    VPOS="2514"
                    WIDTH="2038"
                    HEIGHT="292"
                    WC="0.9821013344658746"></String>
          </TextLine>
          <TextLine ID="eSc_line_1f0f8b2e"
                    TAGREFS="LT8"
                    BASELINE="208 2872 2220 2910" 
                    HPOS="203"
                    VPOS="2715"
                    WIDTH="2017"
                    HEIGHT="276">
            <Shape><Polygon POINTS="208 2872 203 2910 335 2936 339 2936 343 2936 424 2915 513 2949 517 2949 522 2949 747 2927 891 2970 895 2970 900 2970 904 2970 1002 2936 1125 2974 1129 2974 1133 2974 1320 2932 1490 2978 1494 2978 1774 2987 1778 2987 1783 2987 1787 2987 1787 2983 1821 2953 1889 2987 1893 2987 1897 2987 1902 2987 1987 2966 2004 2987 2008 2987 2008 2991 2012 2991 2016 2991 2020 2991 2025 2991 2118 2949 2216 2949 2220 2910 2220 2796 1999 2792 1948 2753 1944 2753 1940 2753 1936 2753 1931 2753 1851 2779 1643 2758 1638 2758 1553 2775 1473 2736 1469 2736 1464 2736 1384 2753 1324 2732 1320 2732 1239 2732 1235 2732 1231 2732 1227 2732 1227 2736 1184 2770 912 2732 908 2732 904 2732 836 2758 802 2728 802 2724 798 2724 793 2724 649 2719 645 2719 641 2719 636 2719 577 2762 496 2762 208 2715 208 2872"/></Shape>
            <String CONTENT="De ton Fils, &amp; me fay grace:"
                    HPOS="203"
                    VPOS="2715"
                    WIDTH="2017"
                    HEIGHT="276"
                    WC="0.9700798243284225"></String>
          </TextLine>
          <TextLine ID="eSc_line_72cc3b2f"
                    TAGREFS="LT8"
                    BASELINE="203 3067 1651 3106 2131 3097" 
                    HPOS="199"
                    VPOS="2927"
                    WIDTH="1932"
                    HEIGHT="255">
            <Shape><Polygon POINTS="208 2974 203 3067 199 3110 246 3148 250 3148 254 3148 258 3148 263 3148 267 3148 322 3114 433 3144 437 3144 441 3144 445 3144 551 3114 972 3169 976 3169 1345 3140 1375 3165 1375 3169 1379 3169 1384 3169 1549 3182 1553 3182 2127 3144 2131 3097 2127 3000 1953 2966 1948 2966 1944 2966 1855 2995 1706 2991 1668 2957 1664 2957 1660 2957 1655 2957 1519 2983 1490 2957 1486 2957 1481 2957 1477 2957 1473 2957 1388 2987 1350 2953 1350 2949 1345 2949 1341 2949 1222 2949 1218 2949 1214 2949 1210 2949 1167 2983 1006 2983 980 2957 980 2953 976 2953 972 2953 968 2953 827 2974 717 2944 713 2944 709 2944 488 2966 399 2927 394 2927 390 2927 386 2927 309 2949 225 2927 208 2974"/></Shape>
            <String CONTENT="Deliure mon poure eſprit"
                    HPOS="199"
                    VPOS="2927"
                    WIDTH="1932"
                    HEIGHT="255"
                    WC="0.9718294441699982"></String>
          </TextLine>
          <TextLine ID="eSc_line_1433c0ce"
                    TAGREFS="LT8"
                    BASELINE="195 3271 2216 3322" 
                    HPOS="191"
                    VPOS="3118"
                    WIDTH="2025"
                    HEIGHT="263">
            <Shape><Polygon POINTS="195 3190 195 3271 191 3305 360 3339 365 3339 1345 3339 1541 3369 1545 3369 1689 3347 1715 3369 1719 3369 1723 3369 2080 3381 2084 3381 2212 3356 2216 3322 2216 3190 2029 3157 2025 3157 2020 3157 2016 3157 1957 3195 1889 3152 1885 3152 1880 3152 1728 3152 1723 3152 1719 3152 1715 3152 1668 3195 1579 3195 1519 3144 1515 3144 1511 3144 1507 3144 1503 3144 1435 3169 1333 3140 1328 3140 1324 3140 1222 3161 1197 3140 1197 3135 1193 3135 1188 3135 1184 3135 1180 3135 1082 3165 985 3135 980 3135 976 3135 972 3135 968 3135 968 3140 925 3174 785 3174 717 3123 713 3123 709 3123 704 3123 700 3123 696 3123 696 3127 653 3165 292 3161 250 3123 250 3118 246 3118 242 3118 237 3118 233 3118 220 3123 195 3190"/></Shape>
            <String CONTENT="Par ton cher Fils Ieſus Chriſt."
                    HPOS="191"
                    VPOS="3118"
                    WIDTH="2025"
                    HEIGHT="263"
                    WC="0.9929147535754789"></String>
          </TextLine>
          <TextLine ID="eSc_line_e4fb3c23"
                    TAGREFS="LT8"
                    BASELINE="360 3488 2012 3509" 
                    HPOS="356"
                    VPOS="3322"
                    WIDTH="1656"
                    HEIGHT="233">
            <Shape><Polygon POINTS="360 3488 356 3534 2004 3555 2012 3509 2012 3398 1711 3398 1609 3352 1604 3352 1600 3352 1596 3352 1524 3390 1464 3352 1460 3352 1456 3352 1452 3352 1447 3352 1341 3386 1256 3356 1252 3356 1248 3356 1244 3356 1180 3373 1133 3335 1129 3335 1125 3335 1120 3335 1116 3335 1018 3386 904 3331 900 3331 895 3331 891 3331 713 3381 645 3326 641 3326 636 3326 360 3322 360 3488"/></Shape>
            <String CONTENT="Il eſt aſsis à ta dextre:"
                    HPOS="356"
                    VPOS="3322"
                    WIDTH="1656"
                    HEIGHT="233"
                    WC="0.9900679978040549"></String>
          </TextLine>
          <TextLine ID="eSc_line_43c8fc04"
                    TAGREFS="LT8"
                    BASELINE="203 3670 2012 3708" 
                    HPOS="199"
                    VPOS="3534"
                    WIDTH="1813"
                    HEIGHT="242">
            <Shape><Polygon POINTS="203 3670 199 3717 492 3742 496 3742 581 3725 615 3755 619 3755 624 3755 628 3755 1171 3746 1197 3768 1201 3768 1205 3768 1210 3772 1311 3772 1311 3768 1316 3768 1320 3768 1320 3763 1345 3742 1855 3776 1859 3776 2008 3755 2012 3708 2012 3606 1940 3577 1936 3577 1931 3577 1821 3589 1804 3568 1800 3568 1800 3564 1795 3564 1791 3564 1787 3564 1783 3564 1638 3602 1609 3577 1604 3577 1600 3577 1596 3577 1460 3594 1426 3568 1422 3568 1418 3568 1413 3568 1265 3594 1214 3551 1210 3551 1205 3551 1201 3551 1197 3551 1065 3589 857 3589 810 3547 810 3543 806 3543 802 3543 798 3543 636 3581 526 3543 522 3543 517 3543 513 3543 467 3564 403 3534 399 3534 203 3534 203 3670"/></Shape>
            <String CONTENT="Tu l’as ordonné pour eſtre"
                    HPOS="199"
                    VPOS="3534"
                    WIDTH="1813"
                    HEIGHT="242"
                    WC="0.9929791578540096"></String>
          </TextLine>
          <TextLine ID="eSc_line_828e87e8"
                    TAGREFS="LT8"
                    BASELINE="199 3878 2161 3925" 
                    HPOS="195"
                    VPOS="3734"
                    WIDTH="1966"
                    HEIGHT="263">
            <Shape><Polygon POINTS="199 3878 195 3920 318 3946 322 3946 326 3946 369 3925 403 3946 407 3946 411 3946 416 3946 619 3929 730 3967 734 3967 738 3967 1227 3942 1447 3984 1452 3984 1456 3984 1558 3950 1621 3984 1626 3984 1630 3984 1787 3954 1859 3984 1863 3984 1868 3984 1872 3984 1944 3963 2152 3997 2161 3925 2161 3810 2105 3785 2101 3785 2097 3785 2093 3785 2046 3810 2029 3793 2029 3789 2025 3789 2020 3789 2016 3789 1838 3802 1651 3776 1647 3776 1477 3797 1443 3768 1443 3763 1439 3763 1435 3763 1430 3763 1294 3785 1210 3759 1205 3759 1201 3759 1074 3785 883 3763 878 3763 471 3772 441 3746 437 3746 433 3746 199 3734 199 3878"/></Shape>
            <String CONTENT="Enuers toy, vn ſeul pour tous,"
                    HPOS="195"
                    VPOS="3734"
                    WIDTH="1966"
                    HEIGHT="263"
                    WC="0.979486346244812"></String>
          </TextLine>
          <TextLine ID="eSc_line_aebeedb2"
                    TAGREFS="LT8"
                    BASELINE="199 4077 1982 4107" 
                    HPOS="195"
                    VPOS="3954"
                    WIDTH="1787"
                    HEIGHT="212">
            <Shape><Polygon POINTS="199 4060 199 4077 195 4137 428 4124 590 4154 594 4154 1018 4137 1052 4162 1057 4162 1061 4162 1065 4162 1345 4145 1371 4166 1375 4166 1379 4166 1384 4166 1388 4166 1392 4166 1430 4141 1638 4166 1643 4166 1978 4145 1982 4107 1982 4009 1473 3971 1469 3971 1341 3992 713 3992 594 3963 590 3963 360 3980 331 3954 326 3954 322 3954 318 3954 220 3971 199 4060"/></Shape>
            <String CONTENT="Aduocat pour entre nous."
                    HPOS="195"
                    VPOS="3954"
                    WIDTH="1787"
                    HEIGHT="212"
                    WC="0.9727354049682617"></String>
          </TextLine>
          <TextLine ID="eSc_line_f5830913"
                    TAGREFS="LT8"
                    BASELINE="258 4290 2203 4323" 
                    HPOS="254"
                    VPOS="4124"
                    WIDTH="1949"
                    HEIGHT="259">
            <Shape><Polygon POINTS="258 4290 254 4340 2195 4383 2203 4323 2203 4171 1953 4154 1948 4154 1944 4154 1940 4154 1897 4179 1812 4154 1808 4154 1804 4154 1800 4154 1795 4154 1795 4158 1757 4192 1587 4171 1583 4171 1579 4171 1575 4171 1549 4188 1358 4145 1354 4145 1350 4145 1345 4145 1345 4149 1303 4188 1197 4149 1193 4149 1188 4149 1184 4149 1108 4188 997 4188 883 4137 878 4137 874 4137 870 4137 866 4137 815 4179 556 4179 513 4133 513 4128 509 4128 505 4128 501 4128 496 4128 377 4171 335 4133 335 4128 331 4128 326 4128 258 4124 258 4290"/></Shape>
            <String CONTENT="Pecheur ſuis, ie le confeſſe,"
                    HPOS="254"
                    VPOS="4124"
                    WIDTH="1949"
                    HEIGHT="259"
                    WC="0.9873313328315472"></String>
          </TextLine>
          <TextLine ID="eSc_line_8acc62f8"
                    TAGREFS="LT8"
                    BASELINE="199 4485 2233 4523" 
                    HPOS="195"
                    VPOS="4332"
                    WIDTH="2038"
                    HEIGHT="255">
            <Shape><Polygon POINTS="195 4527 424 4565 428 4565 615 4531 751 4561 755 4561 759 4561 764 4561 789 4540 883 4574 887 4574 891 4574 1108 4548 1197 4574 1201 4574 1205 4574 1210 4574 1214 4574 1260 4544 1320 4582 1324 4582 1328 4582 1333 4587 1443 4587 1443 4582 1447 4582 1511 4548 1655 4578 1660 4578 1999 4557 2067 4587 2071 4587 2076 4587 2229 4557 2233 4523 2233 4417 2122 4417 2080 4374 2080 4370 2076 4370 2071 4370 2012 4366 2008 4366 1817 4396 1698 4366 1694 4366 1689 4366 1685 4366 1617 4400 1600 4383 1600 4379 1596 4379 1592 4379 1587 4379 1375 4387 1167 4353 1163 4353 1159 4353 1057 4391 887 4345 883 4345 878 4345 874 4345 789 4387 590 4366 585 4366 318 4379 203 4332 199 4485 195 4527"/></Shape>
            <String CONTENT="Mais par ta ſaincte promeſſe,"
                    HPOS="195"
                    VPOS="4332"
                    WIDTH="2038"
                    HEIGHT="255"
                    WC="0.9865469624256266"></String>
          </TextLine>
          <TextLine ID="eSc_line_5ba36e90"
                    TAGREFS="LT8"
                    BASELINE="182 4680 2195 4727" 
                    HPOS="178"
                    VPOS="4544"
                    WIDTH="2017"
                    HEIGHT="250">
            <Shape><Polygon POINTS="178 4731 1095 4773 1099 4773 1239 4752 1566 4782 1570 4782 1978 4769 2114 4794 2118 4794 2122 4794 2190 4769 2195 4727 2190 4591 1902 4620 1409 4574 1405 4574 1401 4574 1396 4574 1354 4612 1286 4612 836 4561 832 4561 827 4561 730 4595 271 4582 186 4544 182 4680 178 4731"/></Shape>
            <String CONTENT="A quoy touſiours ie m’attens,"
                    HPOS="178"
                    VPOS="4544"
                    WIDTH="2017"
                    HEIGHT="250"
                    WC="0.9892644669328418"></String>
          </TextLine>
          <TextLine ID="eSc_line_d33388b0"
                    TAGREFS="LT8"
                    BASELINE="186 4892 1985 4923" 
                    HPOS="178"
                    VPOS="4722"
                    WIDTH="1802"
                    HEIGHT="287">
            <Shape><Polygon POINTS="184 4888 178 4932 630 4990 636 4990 1184 4958 1426 5002 1432 5002 1439 5002 1445 5002 1496 4964 1700 5009 1706 5009 1974 4964 1980 4920 1974 4792 1751 4754 1745 4754 1738 4754 1630 4792 1528 4748 1522 4748 1515 4748 1509 4748 1503 4748 1452 4786 1210 4741 1203 4741 1025 4780 547 4780 184 4722 184 4888"/></Shape>
            <String CONTENT="Aide-moy, car il eſt temps."
                    HPOS="178"
                    VPOS="4722"
                    WIDTH="1802"
                    HEIGHT="287"
                    WC="0.9946054992852388"></String>
          </TextLine>
          <TextLine ID="eSc_line_a61906bb"
                    TAGREFS="LT8"
                    BASELINE="424 5108 2649 5134" 
                    HPOS="420"
                    VPOS="4956"
                    WIDTH="2229"
                    HEIGHT="271">
            <Shape><Polygon POINTS="424 5108 420 5159 692 5159 717 5181 717 5185 721 5185 726 5185 730 5185 734 5185 785 5159 827 5185 832 5185 836 5185 840 5185 908 5176 938 5202 938 5206 942 5206 946 5206 1163 5210 1167 5210 1171 5210 1235 5181 1341 5193 1345 5193 1350 5193 1354 5193 1384 5168 1609 5206 1613 5206 1617 5206 1621 5206 1668 5176 1698 5202 1698 5206 1702 5206 1706 5206 1711 5206 1715 5206 1719 5206 1778 5172 1889 5172 1978 5219 1982 5219 1987 5219 2424 5185 2496 5223 2500 5223 2505 5227 2645 5227 2649 5134 2645 5019 2449 4981 2445 4981 2441 4981 2356 5015 2292 4977 2288 4977 2284 4977 2279 4977 2275 4977 2139 5011 1914 4985 1910 4985 1766 5007 1740 4985 1740 4981 1736 4981 1732 4981 1728 4981 1723 4981 1672 5007 1405 5007 1324 4968 1320 4968 1099 4968 1095 4968 1091 4968 1027 4994 951 4964 946 4964 942 4964 615 4994 573 4960 568 4960 564 4960 424 4956 424 5108"/></Shape>
            <String CONTENT="Tu es mon Dieu, &amp; mon Pere,"
                    HPOS="420"
                    VPOS="4956"
                    WIDTH="2229"
                    HEIGHT="271"
                    WC="0.9933374157318702"></String>
          </TextLine>
          <TextLine ID="eSc_line_b9f61435"
                    TAGREFS="LT8"
                    BASELINE="165 5282 883 5316 2067 5329" 
                    HPOS="165"
                    VPOS="5147"
                    WIDTH="1902"
                    HEIGHT="267">
            <Shape><Polygon POINTS="165 5282 165 5355 208 5338 335 5380 339 5380 343 5380 348 5380 352 5380 352 5376 390 5342 467 5367 471 5367 475 5367 479 5367 526 5346 713 5372 717 5372 810 5355 861 5393 866 5393 870 5393 1086 5397 1091 5397 1227 5367 1545 5367 1651 5410 1655 5410 1660 5410 1855 5372 2059 5414 2067 5329 2067 5236 1817 5198 1812 5198 1808 5198 1753 5215 1655 5176 1651 5176 1473 5176 1469 5176 1464 5176 1460 5176 1460 5181 1443 5193 1422 5181 1418 5181 1413 5181 1409 5181 1405 5181 1307 5215 1222 5176 1218 5176 1214 5176 1031 5210 785 5202 747 5172 743 5172 738 5172 734 5172 730 5172 658 5202 594 5176 590 5176 585 5176 428 5193 165 5147 165 5282"/></Shape>
            <String CONTENT="Ne permets que me deſpere,"
                    HPOS="165"
                    VPOS="5147"
                    WIDTH="1902"
                    HEIGHT="267"
                    WC="0.9825596098716443"></String>
          </TextLine>
          <TextLine ID="eSc_line_d2c93478"
                    TAGREFS="LT8"
                    BASELINE="157 5486 1269 5524 2076 5520" 
                    HPOS="152"
                    VPOS="5355"
                    WIDTH="1924"
                    HEIGHT="237">
            <Shape><Polygon POINTS="157 5486 152 5529 297 5563 301 5563 305 5563 309 5563 352 5537 441 5567 445 5567 450 5567 628 5546 815 5571 819 5571 823 5571 827 5571 857 5550 904 5575 908 5575 1252 5584 1256 5584 1443 5558 1469 5579 1473 5579 1477 5579 1732 5592 1736 5592 1740 5592 1825 5567 2067 5567 2076 5520 2067 5427 1876 5439 1460 5380 1456 5380 1197 5418 1116 5393 1112 5393 1108 5393 717 5414 602 5376 598 5376 594 5376 590 5376 475 5406 157 5355 157 5486"/></Shape>
            <String CONTENT="Et que mon cœur abbatu"
                    HPOS="152"
                    VPOS="5355"
                    WIDTH="1924"
                    HEIGHT="237"
                    WC="0.9824347098668417"></String>
          </TextLine>
          <TextLine ID="eSc_line_05a0f380"
                    TAGREFS="LT8"
                    BASELINE="148 5690 1740 5728" 
                    HPOS="144"
                    VPOS="5546"
                    WIDTH="1596"
                    HEIGHT="246">
            <Shape><Polygon POINTS="148 5690 144 5745 611 5745 853 5775 857 5775 1227 5762 1260 5783 1265 5783 1269 5783 1273 5783 1277 5783 1350 5762 1600 5792 1604 5792 1736 5766 1740 5728 1740 5639 1638 5639 1507 5579 1503 5579 1498 5579 1222 5626 1188 5601 1184 5601 1180 5601 1176 5601 759 5613 645 5584 641 5584 636 5584 632 5584 568 5609 513 5558 513 5554 509 5554 505 5554 373 5554 369 5554 365 5554 360 5554 322 5579 292 5554 292 5550 288 5550 284 5550 148 5546 148 5690"/></Shape>
            <String CONTENT="Defaille en toute vertu."
                    HPOS="144"
                    VPOS="5546"
                    WIDTH="1596"
                    HEIGHT="246"
                    WC="0.9862601806720098"></String>
          </TextLine>
          <TextLine ID="eSc_line_68492b45"
                    TAGREFS="LT8"
                    BASELINE="195 5898 1910 5927" 
                    HPOS="191"
                    VPOS="5749"
                    WIDTH="1719"
                    HEIGHT="246">
            <Shape><Polygon POINTS="195 5898 191 5936 356 5978 360 5978 365 5978 437 5953 1188 5995 1193 5995 1303 5974 1328 5995 1333 5995 1337 5995 1341 5995 1345 5995 1350 5995 1384 5966 1498 5995 1503 5995 1507 5995 1906 5974 1910 5927 1906 5830 1736 5830 1647 5766 1643 5766 1638 5766 1583 5766 1579 5766 1575 5766 1570 5766 1570 5770 1519 5821 1426 5821 1362 5796 1358 5796 1354 5796 1248 5817 1154 5758 1150 5758 1146 5758 1010 5758 1006 5758 1002 5758 917 5800 870 5779 866 5779 861 5779 857 5779 785 5809 734 5758 734 5753 730 5753 726 5753 721 5753 717 5753 602 5792 517 5749 513 5749 509 5749 195 5749 195 5898"/></Shape>
            <String CONTENT="Ma douleur ſpirituelle"
                    HPOS="191"
                    VPOS="5749"
                    WIDTH="1719"
                    HEIGHT="246"
                    WC="0.9589864042672244"></String>
          </TextLine>
          <TextLine ID="eSc_line_04670e7a"
                    TAGREFS="LT8"
                    BASELINE="140 6089 925 6123 2029 6135" 
                    HPOS="140"
                    VPOS="5949"
                    WIDTH="1889"
                    HEIGHT="263">
            <Shape><Polygon POINTS="140 6089 140 6165 225 6140 399 6174 403 6174 407 6174 488 6148 560 6191 564 6191 568 6191 789 6195 793 6195 798 6195 802 6195 853 6152 1035 6169 1074 6203 1078 6203 1082 6203 1086 6203 1091 6203 1180 6161 1214 6182 1218 6182 1222 6182 1227 6182 1358 6169 1452 6212 1456 6212 1460 6212 1464 6212 1600 6178 1902 6203 1906 6203 1910 6203 1914 6203 1957 6178 2016 6212 2029 6135 2025 6017 1940 6029 1889 5987 1885 5987 1880 5987 1753 5983 1749 5983 1745 5983 1740 5983 1672 6025 1617 5978 1613 5978 1609 5978 1604 5978 1426 6012 1167 5991 1163 5991 1159 5991 1112 6012 543 6004 479 5953 475 5953 471 5953 467 5953 335 5974 309 5953 309 5949 305 5949 301 5949 140 5949 140 6089"/></Shape>
            <String CONTENT="Soit changee en corporelle:"
                    HPOS="140"
                    VPOS="5949"
                    WIDTH="1889"
                    HEIGHT="263"
                    WC="0.9858347354111848"></String>
          </TextLine>
          <TextLine ID="eSc_line_97453d1f"
                    TAGREFS="LT8"
                    BASELINE="166 6279 1957 6343" 
                    HPOS="152"
                    VPOS="6123"
                    WIDTH="1803"
                    HEIGHT="426">
            <Shape><Polygon POINTS="165 6275 152 6492 375 6505 382 6505 388 6505 394 6505 496 6435 681 6409 859 6460 866 6460 872 6460 1044 6428 1139 6479 1146 6479 1152 6479 1159 6479 1273 6435 1439 6441 1770 6549 1776 6549 1783 6549 1789 6549 1795 6549 1948 6454 1955 6339 1948 6186 1795 6218 1719 6180 1713 6180 1706 6180 1700 6180 1617 6218 1369 6167 1362 6167 1210 6199 1171 6167 1165 6167 1159 6167 1152 6167 1146 6167 1063 6199 165 6123 165 6275"/></Shape>
            <String CONTENT="Afflige-moy en mon corps,"
                    HPOS="152"
                    VPOS="6123"
                    WIDTH="1803"
                    HEIGHT="426"
                    WC="0.961542010307312"></String>
          </TextLine>
        </TextBlock>
        <TextBlock HPOS="2089"
                   VPOS="6367"
                   WIDTH="532"
                   HEIGHT="281"
                   ID="eSc_textblock_acb2fdb4"
                   TAGREFS="BT17">
          <Shape><Polygon POINTS="2089 6367 2089 6648 2621 6648 2621 6367"/></Shape>
          <TextLine ID="eSc_line_11d4a05d"
                    TAGREFS="LT8"
                    BASELINE="2127 6568 2534 6560" 
                    HPOS="2122"
                    VPOS="6386"
                    WIDTH="412"
                    HEIGHT="301">
            <Shape><Polygon POINTS="2462 6407 2420 6403 2377 6403 2364 6398 2322 6428 2262 6390 2250 6390 2229 6386 2122 6415 2127 6568 2127 6674 2275 6657 2475 6687 2479 6687 2483 6687 2534 6662 2534 6560 2530 6428 2479 6407 2462 6407"/></Shape>
            <String CONTENT="B .ii."
                    HPOS="2122"
                    VPOS="6386"
                    WIDTH="412"
                    HEIGHT="301"
                    WC="0.860026071468989"></String>
          </TextLine>
        </TextBlock>
      </PrintSpace>
    </Page>
  </Layout>
</alto>
