4267 7830
1036 374 257 204 18

1998 417 1602 235 CHANSONS

1025 619 379 451 A

1515 600 2686 322 V grãd cõſeil par Diuine ordõnãce

1476 809 2692 313 Fut decreté qu’au Pere entierement

1049 1039 3074 283 Chacun croiroit, & au Fils ſa puiſſance:

1023 1270 2691 265 Par lequel ſeul il a le firmament

1023 1496 2603 230 Fait & creé auec ſon ornement:

1018 1687 2965 274 La terre auſſi, comme Moyſe cueille:

1027 1913 2930 257 Cela ie croy de cœur certainement,

1023 2114 3095 265 Faute de foy c’eſt douleur nompareille.

1210 2331 2935 279 En certain temps le Pere de clemence

1001 2557 2956 248 Nous a donné ſon Fils benignement,

984 2766 3082 252 Pour ſatisfaire à luy de noſtre offence,

970 2971 3127 278 Et fut conceu du ſainct Eſprit vrayment,

984 3197 2869 243 Nay de Marie, & nourri purement,

979 3401 3144 270 Par elle, mere & vierge, ô grãd merueille!

992 3627 2922 240 Ie croy cela de cœur certainement.

975 3832 3100 248 Faute de foy c’eſt douleur nompareille.

1136 4045 2869 235 Il a ſouffert deſſous Pilate outrance,

970 4267 2626 230 Qui le liura à mort iniuſtement:

957 4480 3053 239 Pendant en croix en grande patience,

966 4693 3096 209 Auecques deux brigans honteuſement.

949 4898 3034 243 Helas! c’eſtoit pour noſtre ſauuement.

927 5115 3078 218 Le Centenier ce voyant s’eſmerueille:

931 5333 2944 226 Ie croy cela de cœur certainement:

936 5541 3100 240 Faute de foy c’eſt douleur nompareille.

1132 5741 2965 261 Apres ſa mort Ioſeph par grãd’cõſtãce

923 5968 2695 230 Enſeuelit le corps de l’Innocent:

914 6163 3135 253 De là deſcend aux enfers ſans doutance,

918 6385 2852 309 Pour deliurer ſes eleus de torment.

3744 6620 340 283 Dieu
