4267 7830
692 613 327 183 894

879 696 2978 308 C’eſt le ſeul chef de la ſaincte aſſemblée

712 913 2385 320 De tes eſleus, qu'il a ſanctifiez:

718 1131 3109 308 Pour eſtre en luyſ'apres la grand iournee)

718 1318 2725 358 En ame & corps par toy glorifiez.

953 1552 2922 301 Tu l’as donné pour nous faire agreables

744 1774 3135 305 A toy, Seigneur, combiẽ que no us fuſsns

751 1977 2803 300 Tes ennemis, maudits & execrables:

748 2188 3048 291 Car ſous peché tous vendus nous eſtions.

936 2383 2995 322 C’eſt l’agneau pur, en qui tout bien a¬

1105 2649 654 252 bonde,

783 2814 2678 322 Qui s’eſt pour nous voulu ſacrifier,

770 3036 2809 309 Pour effacer les pechez de ce monde,

783 3266 2678 287 Et en ſon ſang nos cœurs purifier.

992 3466 2608 309 Il a purgé en ſon ſang nos ordures:

801 3693 2695 287 A toy nous a par ſa mort acquitez,

805 3893 2726 283 En nous faiſant nouuelles creatures,

809 4106 2800 296 Qui tous eſtions couuers d’iniquitez.

970 4315 2260 291 Il a parfait l’Eternel ſacrifice,

814 4502 3008 330 Offrãt à toy pour nous ſon propre corps:

818 4715 3148 317 Dont Seigneur Dieu, tu nous es tãt proplce

844 4928 2974 309 Qu’en luy viuõs, qui dẽuãt eſtiõs forts,

980 5109 2947 345 Luy qui eſtoit ſans peché, ſas nul blaſme

853 5363 2739 278 S’eſt pour nous tous ſi bas humilié,

857 5563 3000 309 Qu’il en a prins la mort dure & iafame,

853 5794 2303 291 Afin quà nous tu ſois pacifié.

1045 5983 2640 267 O noble mort, ô mort victorieuſe,

862 6216 2869 287 Par qui la mort & peché ſont deſtruits:

866 6411 2604 409 Et nous tirez de la priſon hidouſe.

1693 469 1529 257 CANTIQVES.

3883 6590 118 343 A
