4267 7314
2999 406 243 256 343

934 373 1390 232 CANTIQVES.

227 642 1833 235 Adonc ſa lampe eſclairera

223 865 2369 219 Pour beſongner en quelque ſorte.

316 1056 2028 199 Sa main volontiers eſtendra

227 1251 2199 240 Vers celuy qui vit en deſtreſſe:

219 1458 1686 224 S◊ main liberalle tendra

211 1657 2206 228 A tous ceux dont elle entendra

219 1856 2414 248 Que quelque indigence les preſſe.

296 2068 2373 223 Vienne l’hyuer quand il voudra,

211 2271 1995 219 Elle ne craind froit ne gelee:

207 2478 2158 203 De bonne heure elle s’armera,

207 2685 1926 208 Et chacun des ſiens munira

215 2876 2434 224 De bonne robbe & bien doublee.

227 3075 2052 228 ◊ à l’aigueille ouurera,

207 3283 2076 207 Pour en voir ſa maiſon paree:

203 3470 1487 243 De lin elle ſe garnira,

207 3693 2032 211 Et proprement ſe monſtrera

203 3892 1979 199 De fine eſcarlate accouſtree.

300 4095 2130 220 Quand les Senateurs on verra

203 4282 2231 232 S’aſſembler pour la republique,

211 4510 1853 207 Son mari ſur tous apperra,

203 4680 2340 224 Lors que maint homme s’aſſerra

203 4884 2028 239 Parmi l’aſſemblee publique.

316 5103 1744 211 De fines toiles ourdira

203 5290 2385 252 Que puis apres ſaura bien vendre,

203 5513 1597 212 De ce qu’elle deuidera

190 5684 2244 240 Aux marchans meſmes baillera

203 5891 2235 228 Cordons & rubens à reuendre.

292 6111 1707 276 Es robes qu’elle veſtira
