4267 8012
3113 400 338 254 245

681 391 1777 245 SPIRITVELLES.

287 716 176 459 S

480 667 2718 241 mon trauail n’auoit aucun eſpoir¬

527 854 2918 281 D'eſtre affranchi de ſon cruel tour¬

383 1148 481 205 ment,

285 1299 2774 263 Las, ce ſeroit vn bien piteux ſçauoir,

285 1548 2672 232 Et n’y auroit aucun contentement:

285 1753 2988 250 Mais quand ie ſcay, & croy aſſeurément

289 1967 3011 263 Que Dieu (en fin) m’oſtera de la peine,

285 2198 2619 241 Porter ie puis (voire patiemment)

276 2408 2467 231 Le dueil iſſu de la ioye certaine.

1273 2617 749 249 Reſponſe.

374 2835 2583 236 Le dueil iſſu de la ioye certaine,

293 3053 3101 254 Quant à la chair, m’eſt dur & rigoureux:

285 3271 3247 245 Mais quand l’eſprit iuſques au ciel me

405 3516 606 209 meine,

285 3685 2939 227 l’oublie alors tout mon fait doloreux:

285 3921 3060 231 Ie me puis donc reputer bien-heureux,

285 4121 3251 272 Quand Dieu ſi bien daigne à ma foy pro¬

414 4366 458 187 uoir:

289 4553 3087 249 Car autrement ie ſeroye mal-heureux,

285 4784 2877 250 Si mon trauail n’auoit aucun eſpoir.

921 5198 1867 245 Chanſon ſur le chant,

1166 5452 1319 240 Ie pren en gré. etc.

434 5828 2176 274 E pren en gré la dure mort

427 6069 1870 220 Pour la verité ſouſtenir:

298 6284 2730 245 Combien que ce ſoit à grand tort,

311 6507 2628 289 Que les meſchans m’y font venir,

300 5802 184 500 I
