4267 7568
917 239 202 194 58

1780 269 1514 218 CHANSONS

908 1469 284 416 V

883 475 2609 286 Suyuez Ieſus qui iamais ne deuie:

871 681 3210 332 De luy tout bien & tout honneur redõde,

854 882 2689 299 Allez à luy par foy, il vous conuie.

1232 1097 2681 303 Chanſon ſur le chant, de l’hymne,

1552 1332 1932 248 Verbum ſupremum prodiens.

1243 1500 2165 291 Erbe Diuin, verbe eternel,

1262 1709 2392 296 Qui es venu pour les humains,

845 1917 2710 256 Nous chantons ton nom ſolemnel

871 2123 2827 298 T’honorans de cœur, pieds, & mains.

1018 2337 2184 269 Illumine mon poure cœur,

837 2522 1654 261 Tu es l’illumination

816 2728 2062 273 Et le ſalut à tout pecheur,

816 2951 1839 244 A toute gent & nation.

1009 3144 1995 274 Auſſi tu es le protecteur.

786 3334 2113 290 Le defenſeur & le ſupport,

782 3544 2260 282 Pour ſouſtenir ton ſeruiteur,

791 3746 2276 290 Si Satan luy veut faire effort.

963 3977 2756 286 Quand gens peruers de rage pleins

791 4166 2819 303 Viendront, cuidans me deſpeſcher,

765 4385 2340 277 A toy iray par vaux & plains

749 4578 2895 290 Humblement pour ſecours cercher.

980 4784 1936 273 Par toy ſeront debilitez

761 4990 2357 265 Mes ennemis, & ſans pouuoir:

753 5184 2175 285 Ie ne crains leurs ſubtilitez,

749 5394 2120 269 Si ie puis en toy foy auoir.

896 5600 2794 311 Si leurs chaſteaux ſont contre moy,

744 5806 1873 248 I’enten toute tentation

744 6008 2534 357 Ie n’en prendray ſoucy n’eſmoy:
