<?xml version="1.0" encoding="UTF-8"?>
<alto xmlns:xsi="http://www.w3.org/2001/XMLSchema-instance"
      xmlns="http://www.loc.gov/standards/alto/ns-v4#"
      xsi:schemaLocation="http://www.loc.gov/standards/alto/ns-v4# http://www.loc.gov/standards/alto/v4/alto-4-2.xsd">
  <Description>
    <MeasurementUnit>pixel</MeasurementUnit>
    <sourceImageInformation>
      <fileName>CRRS02_Chansons_spirituelles.pdf_page_317.png</fileName>
      <fileIdentifier>pdf//CRRS02_Chansons_spirituelles.pdf</fileIdentifier>
    </sourceImageInformation>
  </Description>
  <Tags>
    <OtherTag ID="BT7" LABEL="CustomZone" DESCRIPTION="block type CustomZone"/><OtherTag ID="BT8" LABEL="DamageZone" DESCRIPTION="block type DamageZone"/><OtherTag ID="BT9" LABEL="DigitizationArtefactZone" DESCRIPTION="block type DigitizationArtefactZone"/><OtherTag ID="BT10" LABEL="DropCapitalZone" DESCRIPTION="block type DropCapitalZone"/><OtherTag ID="BT11" LABEL="GraphicZone" DESCRIPTION="block type GraphicZone"/><OtherTag ID="BT12" LABEL="MainZone" DESCRIPTION="block type MainZone"/><OtherTag ID="BT13" LABEL="MarginTextZone" DESCRIPTION="block type MarginTextZone"/><OtherTag ID="BT14" LABEL="MusicZone" DESCRIPTION="block type MusicZone"/><OtherTag ID="BT15" LABEL="NumberingZone" DESCRIPTION="block type NumberingZone"/><OtherTag ID="BT17" LABEL="QuireMarksZone" DESCRIPTION="block type QuireMarksZone"/><OtherTag ID="BT18" LABEL="RunningTitleZone" DESCRIPTION="block type RunningTitleZone"/><OtherTag ID="BT19" LABEL="SealZone" DESCRIPTION="block type SealZone"/><OtherTag ID="BT20" LABEL="StampZone" DESCRIPTION="block type StampZone"/><OtherTag ID="BT21" LABEL="TableZone" DESCRIPTION="block type TableZone"/><OtherTag ID="BT22" LABEL="TitlePageZone" DESCRIPTION="block type TitlePageZone"/>
    <OtherTag ID="LT7" LABEL="CustomLine" DESCRIPTION="line type CustomLine"/><OtherTag ID="LT8" LABEL="DefaultLine" DESCRIPTION="line type DefaultLine"/><OtherTag ID="LT9" LABEL="DropCapitalLine" DESCRIPTION="line type DropCapitalLine"/><OtherTag ID="LT10" LABEL="HeadingLine" DESCRIPTION="line type HeadingLine"/><OtherTag ID="LT11" LABEL="InterlinearLine" DESCRIPTION="line type InterlinearLine"/><OtherTag ID="LT12" LABEL="MusicLine" DESCRIPTION="line type MusicLine"/><OtherTag ID="LT1330" LABEL="default" DESCRIPTION="line type default"/>
  </Tags>
  <Layout>
    <Page WIDTH="4267"
          HEIGHT="7533"
          PHYSICAL_IMG_NR="316"
          ID="eSc_dummypage_">
      <PrintSpace HPOS="0"
                  VPOS="0"
                  WIDTH="4267"
                  HEIGHT="7533">
        <TextBlock HPOS="137"
                   VPOS="562"
                   WIDTH="3416"
                   HEIGHT="5752"
                   ID="eSc_textblock_b18cae59"
                   TAGREFS="BT12">
          <Shape><Polygon POINTS="137 562 137 6314 3553 6314 3453 625"/></Shape>
          <TextLine ID="eSc_line_bdf7cee8"
                    TAGREFS="LT8"
                    BASELINE="330 774 3257 765" 
                    HPOS="326"
                    VPOS="598"
                    WIDTH="2931"
                    HEIGHT="226">
            <Shape><Polygon POINTS="368 615 326 627 330 774 330 824 3253 824 3257 765 3249 640 3098 606 3094 606 3090 606 3031 636 2788 611 2784 611 2529 636 2449 598 2445 598 2441 598 2240 636 1880 619 1875 619 1871 619 1788 640 1704 602 1700 602 1511 602 1507 602 1339 644 1168 644 1109 602 1105 602 1101 602 598 602 594 602 590 602 515 640 435 602 431 602 427 602 385 606 368 615"/></Shape>
            <String CONTENT="Beniſſez Dieu gẽs heureux maintenãt,"
                    HPOS="326"
                    VPOS="598"
                    WIDTH="2931"
                    HEIGHT="226"
                    WC="0.9912302572476236"></String>
          </TextLine>
          <TextLine ID="eSc_line_cb2fcc57"
                    TAGREFS="LT8"
                    BASELINE="242 975 3077 962" 
                    HPOS="238"
                    VPOS="807"
                    WIDTH="2839"
                    HEIGHT="230">
            <Shape><Polygon POINTS="238 845 242 975 242 1008 376 1037 381 1037 385 1037 452 1012 711 1037 716 1037 720 1037 724 1037 724 1033 753 1012 778 1033 783 1033 787 1033 791 1033 1118 1008 1151 1033 1151 1037 1155 1037 1159 1037 1164 1037 1168 1037 1231 1008 1411 1029 1415 1029 1624 1004 1725 1033 1729 1033 1733 1037 1959 1037 1959 1033 1963 1033 1968 1033 2009 1004 2282 1021 2286 1021 2491 1000 2571 1029 2575 1029 2579 1029 2583 1029 2679 1004 2705 1025 2709 1025 2713 1025 2717 1025 3073 1008 3077 962 3069 849 2550 849 2487 820 2483 820 2478 820 2365 845 2244 807 2240 807 2135 807 2131 807 2127 807 2123 807 2123 811 2076 853 1838 853 1746 811 1741 811 1737 811 1515 832 1453 811 1448 811 1444 811 1440 811 1352 853 1180 853 1080 816 1076 816 1071 816 904 841 812 816 808 816 803 816 799 816 795 816 753 853 665 820 661 820 657 820 653 820 561 857 385 857 339 816 334 816 330 816 326 816 280 824 238 845"/></Shape>
            <String CONTENT="Vous qui de Dieu le ſiege allez tenant,"
                    HPOS="238"
                    VPOS="807"
                    WIDTH="2839"
                    HEIGHT="230"
                    WC="0.9736837698863103"></String>
          </TextLine>
          <TextLine ID="eSc_line_cd98e481"
                    TAGREFS="LT8"
                    BASELINE="242 1180 3282 1175" 
                    HPOS="238"
                    VPOS="1008"
                    WIDTH="3044"
                    HEIGHT="226">
            <Shape><Polygon POINTS="242 1180 242 1226 1285 1209 1365 1234 1369 1234 1373 1234 1704 1209 1767 1234 1771 1234 1775 1234 1905 1209 2043 1230 2047 1230 2282 1209 2428 1234 2432 1234 2437 1234 2441 1234 2470 1213 2629 1230 2633 1230 2973 1209 3274 1234 3282 1175 3274 1054 3031 1054 2977 1008 2973 1008 2968 1008 2964 1008 2960 1008 2864 1046 2805 1008 2801 1008 2797 1008 2587 1008 2583 1008 2579 1008 2575 1008 2529 1050 2449 1008 2445 1008 2441 1008 2210 1029 2068 1008 2064 1008 2060 1008 1942 1054 1796 1054 1737 1008 1733 1008 1729 1008 1725 1008 1574 1042 1532 1008 1528 1008 1524 1008 1440 1008 1436 1008 1432 1008 1331 1050 1226 1021 1222 1021 1218 1021 1214 1021 1113 1054 523 1054 464 1021 460 1021 456 1021 452 1021 393 1050 330 1016 326 1016 322 1016 238 1033 242 1180"/></Shape>
            <String CONTENT="Vous qui montez ſur les aſneſſes blãches,"
                    HPOS="238"
                    VPOS="1008"
                    WIDTH="3044"
                    HEIGHT="226"
                    WC="0.9888132058438801"></String>
          </TextLine>
          <TextLine ID="eSc_line_7f8a8dcc"
                    TAGREFS="LT8"
                    BASELINE="238 1385 3132 1372" 
                    HPOS="234"
                    VPOS="1217"
                    WIDTH="2898"
                    HEIGHT="222">
            <Shape><Polygon POINTS="238 1385 238 1439 552 1414 632 1435 636 1435 640 1435 1247 1410 1561 1431 1566 1431 1570 1431 1641 1410 1792 1431 1796 1431 2169 1406 3123 1418 3132 1372 3123 1255 2901 1255 2864 1222 2864 1217 2860 1217 2855 1217 2851 1217 2566 1251 2504 1217 2499 1217 2407 1217 2403 1217 2399 1217 2395 1217 2344 1251 2303 1217 2298 1217 2294 1217 2181 1217 2177 1217 2173 1217 2169 1217 2114 1259 1926 1259 1855 1222 1850 1222 1846 1222 1197 1259 971 1238 967 1238 963 1238 917 1263 598 1263 540 1238 535 1238 531 1238 431 1255 234 1230 238 1385"/></Shape>
            <String CONTENT="Voyes avans par tout libres &amp; franches."
                    HPOS="234"
                    VPOS="1217"
                    WIDTH="2898"
                    HEIGHT="222"
                    WC="0.9740212498567044"></String>
          </TextLine>
          <TextLine ID="eSc_line_9c30aa0c"
                    TAGREFS="LT8"
                    BASELINE="284 1586 3308 1573" 
                    HPOS="280"
                    VPOS="1414"
                    WIDTH="3028"
                    HEIGHT="226">
            <Shape><Polygon POINTS="284 1586 284 1619 1285 1640 1289 1640 1654 1615 1729 1636 1733 1636 1737 1636 2349 1611 3299 1615 3308 1573 3299 1464 3119 1435 3115 1435 2964 1460 2901 1414 2897 1414 2893 1414 2889 1414 2885 1414 2763 1460 2566 1456 2445 1414 2441 1414 2437 1414 2432 1414 2332 1464 2227 1464 2076 1460 2018 1418 2014 1418 2009 1418 2005 1418 1700 1460 1620 1418 1616 1418 1612 1418 1607 1418 1520 1439 1356 1418 1352 1418 1348 1418 1344 1418 1277 1473 1080 1473 1000 1435 996 1435 992 1435 988 1435 984 1435 942 1460 891 1439 887 1439 883 1439 720 1464 602 1422 598 1422 376 1422 372 1422 368 1422 280 1468 284 1586"/></Shape>
            <String CONTENT="Parlez, parlez, de Dieu les enfans chers."
                    HPOS="280"
                    VPOS="1414"
                    WIDTH="3028"
                    HEIGHT="226"
                    WC="0.990448797621378"></String>
          </TextLine>
          <TextLine ID="eSc_line_d4bc0488"
                    TAGREFS="LT8"
                    BASELINE="230 1786 3320 1766" 
                    HPOS="226"
                    VPOS="1615"
                    WIDTH="3094"
                    HEIGHT="218">
            <Shape><Polygon POINTS="230 1786 230 1828 3224 1833 3228 1833 3232 1833 3320 1803 3320 1766 3312 1657 3040 1657 2956 1615 2952 1615 2947 1615 2679 1661 2525 1661 2478 1619 2474 1619 2470 1619 2466 1619 2462 1619 2361 1648 2303 1619 2298 1619 2294 1619 2290 1619 2181 1653 2102 1619 2097 1619 2093 1619 1775 1623 1771 1623 1767 1623 1721 1661 1331 1665 1105 1640 1101 1640 984 1665 850 1627 845 1627 841 1627 837 1627 753 1673 540 1673 464 1632 460 1632 456 1632 226 1632 230 1786"/></Shape>
            <String CONTENT="Du bruit des voix que faiſoyẽt les archers."
                    HPOS="226"
                    VPOS="1615"
                    WIDTH="3094"
                    HEIGHT="218"
                    WC="0.9756575606086038"></String>
          </TextLine>
          <TextLine ID="eSc_line_c0e22698"
                    TAGREFS="LT8"
                    BASELINE="230 1987 3320 1979" 
                    HPOS="226"
                    VPOS="1828"
                    WIDTH="3094"
                    HEIGHT="214">
            <Shape><Polygon POINTS="230 1987 230 2029 1323 2042 1327 2042 1599 2021 1754 2042 1758 2042 2056 2017 2089 2038 2093 2038 2097 2038 2102 2042 2449 2042 2449 2038 2453 2038 2541 2017 2801 2038 2805 2038 2968 2017 3215 2038 3220 2038 3224 2038 3320 2008 3320 1979 3312 1874 2876 1874 2822 1828 2818 1828 2813 1828 2809 1828 2805 1828 2700 1862 2621 1837 2617 1837 2612 1837 2608 1837 2604 1837 2558 1866 2399 1849 2395 1849 2391 1849 2307 1870 2131 1828 1959 1828 1955 1828 1951 1828 1947 1828 1884 1874 1628 1874 1553 1849 1549 1849 1545 1849 1377 1874 1323 1853 1319 1853 1314 1853 1151 1866 1092 1837 1088 1837 1084 1837 946 1866 619 1833 615 1833 611 1833 544 1866 226 1837 230 1987"/></Shape>
            <String CONTENT="Entour les eaux où vous alliez pour boire,"
                    HPOS="226"
                    VPOS="1828"
                    WIDTH="3094"
                    HEIGHT="214"
                    WC="0.9821235551390537"></String>
          </TextLine>
          <TextLine ID="eSc_line_3fa98c76"
                    TAGREFS="LT8"
                    BASELINE="221 2192 3140 2184" 
                    HPOS="217"
                    VPOS="2029"
                    WIDTH="2923"
                    HEIGHT="230">
            <Shape><Polygon POINTS="221 2192 221 2259 535 2226 623 2251 628 2251 632 2251 929 2226 1076 2251 1080 2251 1084 2251 1088 2251 1122 2226 1235 2255 1239 2255 1243 2259 1545 2259 1545 2255 1741 2222 1842 2243 1846 2243 2076 2222 2131 2251 2135 2251 2139 2251 2378 2222 2499 2251 2504 2251 2508 2251 2851 2222 3019 2247 3023 2247 3027 2247 3140 2218 3140 2184 3132 2071 2939 2042 2935 2042 2931 2042 2851 2071 2721 2050 2717 2050 2713 2050 2709 2050 2675 2075 2374 2075 2290 2046 2286 2046 2282 2046 2076 2071 1984 2029 1980 2029 1758 2029 1754 2029 1750 2029 1658 2079 1440 2079 1323 2046 1319 2046 1314 2046 1310 2046 1306 2046 1260 2079 1126 2079 1071 2033 1067 2033 1063 2033 971 2033 967 2033 963 2033 958 2033 900 2075 799 2033 795 2033 598 2033 594 2033 590 2033 422 2075 217 2033 221 2192"/></Shape>
            <String CONTENT="Faites illec de ce grand Dieu memoire."
                    HPOS="217"
                    VPOS="2029"
                    WIDTH="2923"
                    HEIGHT="230"
                    WC="0.9932293060578798"></String>
          </TextLine>
          <TextLine ID="eSc_line_f0c1e431"
                    TAGREFS="LT8"
                    BASELINE="3224 2192 3245 2188" 
                    HPOS="3207"
                    VPOS="2125"
                    WIDTH="50"
                    HEIGHT="134">
            <Shape><Polygon POINTS="3224 2192 3236 2259 3257 2255 3245 2188 3228 2125 3207 2125 3224 2192"/></Shape>
            <String CONTENT="2"
                    HPOS="3207"
                    VPOS="2125"
                    WIDTH="50"
                    HEIGHT="134"
                    WC="0.9984049201011658"></String>
          </TextLine>
          <TextLine ID="eSc_line_bb23a711"
                    TAGREFS="LT8"
                    BASELINE="314 2389 3316 2398" 
                    HPOS="309"
                    VPOS="2234"
                    WIDTH="3007"
                    HEIGHT="222">
            <Shape><Polygon POINTS="314 2389 309 2423 410 2452 414 2452 418 2452 2839 2435 2889 2456 2893 2456 2897 2456 3090 2435 3308 2456 3316 2398 3312 2285 3132 2251 3128 2251 3123 2251 3061 2276 2968 2238 2964 2238 2960 2238 2834 2264 2730 2243 2726 2243 2721 2243 2604 2280 2470 2238 2466 2238 2462 2238 2458 2238 2353 2268 2282 2238 2277 2238 2273 2238 2194 2247 2190 2247 2185 2247 2131 2280 2064 2238 2060 2238 2056 2238 1938 2238 1934 2238 1930 2238 1926 2238 1871 2276 1741 2255 1737 2255 1733 2255 1666 2276 1582 2234 1578 2234 1473 2234 1469 2234 1465 2234 1461 2234 1398 2280 569 2280 456 2234 452 2234 314 2234 314 2389"/></Shape>
            <String CONTENT="Annoncez tous ſes geſtes &amp; hauts faits."
                    HPOS="309"
                    VPOS="2234"
                    WIDTH="3007"
                    HEIGHT="222"
                    WC="0.9969386351414216"></String>
          </TextLine>
          <TextLine ID="eSc_line_1cad1886"
                    TAGREFS="LT8"
                    BASELINE="234 2594 2629 2594" 
                    HPOS="234"
                    VPOS="2444"
                    WIDTH="2395"
                    HEIGHT="209">
            <Shape><Polygon POINTS="234 2594 234 2632 2625 2653 2629 2594 2629 2494 2495 2490 2449 2448 2449 2444 2445 2444 2441 2444 2190 2444 2185 2444 2181 2444 2177 2444 2131 2481 2085 2444 2081 2444 2076 2444 2072 2444 1947 2469 1922 2448 1922 2444 1917 2444 1913 2444 1825 2444 1821 2444 1817 2444 1725 2490 1352 2469 1348 2469 1214 2490 1180 2464 1176 2464 1172 2464 1168 2464 1164 2464 1071 2494 879 2494 845 2469 841 2469 837 2469 833 2469 598 2490 510 2460 506 2460 502 2460 498 2460 494 2460 452 2490 293 2444 288 2444 284 2444 280 2444 276 2444 276 2448 242 2473 234 2594"/></Shape>
            <String CONTENT="Vos ennemis ayans ainſi deffaits,"
                    HPOS="234"
                    VPOS="2444"
                    WIDTH="2395"
                    HEIGHT="209"
                    WC="0.9862373489322085"></String>
          </TextLine>
          <TextLine ID="eSc_line_ee02899c"
                    TAGREFS="LT8"
                    BASELINE="234 2799 2705 2787" 
                    HPOS="234"
                    VPOS="2661"
                    WIDTH="2471"
                    HEIGHT="209">
            <Shape><Polygon POINTS="234 2799 234 2841 309 2866 314 2866 318 2866 322 2866 326 2866 368 2841 824 2866 829 2866 958 2845 992 2870 996 2870 1000 2870 1004 2870 1222 2862 1226 2862 1231 2862 1272 2837 1406 2837 1436 2866 1440 2866 1444 2866 1448 2870 1536 2870 1536 2866 1540 2866 1545 2866 1545 2862 1578 2837 1875 2837 1901 2862 1905 2862 1909 2862 1913 2866 1997 2866 1997 2862 2001 2862 2005 2862 2005 2858 2030 2833 2110 2862 2114 2862 2118 2866 2236 2866 2236 2862 2240 2862 2244 2862 2244 2858 2273 2833 2382 2858 2386 2858 2391 2858 2453 2837 2696 2841 2705 2787 2688 2661 2625 2686 2340 2661 2336 2661 2332 2661 2328 2661 2303 2686 2102 2686 2072 2661 2068 2661 2064 2661 2060 2661 2056 2661 2051 2661 2014 2686 1980 2665 1976 2665 1972 2665 1968 2665 1708 2690 1231 2670 1226 2670 1222 2670 1218 2670 1218 2674 1197 2695 1025 2699 883 2699 858 2674 858 2670 854 2670 850 2670 845 2670 594 2690 351 2670 347 2670 343 2670 251 2690 234 2799"/></Shape>
            <String CONTENT="vens infinis par toy troupe petite:"
                    HPOS="234"
                    VPOS="2661"
                    WIDTH="2471"
                    HEIGHT="209"
                    WC="0.9869445017405919"></String>
          </TextLine>
          <TextLine ID="eSc_line_db699e24"
                    TAGREFS="LT8"
                    BASELINE="226 3000 2600 2992" 
                    HPOS="226"
                    VPOS="2837"
                    WIDTH="2374"
                    HEIGHT="209">
            <Shape><Polygon POINTS="226 3000 226 3046 2600 3042 2600 2992 2592 2896 2416 2891 2357 2837 2353 2837 2349 2837 2344 2837 2102 2887 2051 2841 2051 2837 2047 2837 2043 2837 2039 2837 2035 2837 1951 2866 1863 2837 1859 2837 1855 2837 1850 2837 1846 2837 1788 2875 1704 2837 1700 2837 1695 2837 1691 2837 1591 2891 1540 2866 1536 2866 1532 2866 1528 2866 1448 2887 1356 2870 1352 2870 1348 2870 1344 2870 1306 2896 1247 2841 1243 2841 1239 2841 1235 2841 1231 2841 1226 2841 1155 2900 1051 2900 971 2841 967 2841 963 2841 958 2841 657 2845 653 2845 531 2887 435 2841 431 2841 427 2841 422 2841 418 2841 368 2883 334 2866 330 2866 326 2866 322 2866 242 2891 226 3000"/></Shape>
            <String CONTENT="Deſcend ille, ô peuple Iſraelite."
                    HPOS="226"
                    VPOS="2837"
                    WIDTH="2374"
                    HEIGHT="209"
                    WC="0.9748119571629692"></String>
          </TextLine>
          <TextLine ID="eSc_line_eb4e4c14"
                    TAGREFS="LT8"
                    BASELINE="326 3209 3287 3201" 
                    HPOS="322"
                    VPOS="3050"
                    WIDTH="2965"
                    HEIGHT="222">
            <Shape><Polygon POINTS="3253 3063 3211 3059 3169 3050 3165 3050 3161 3050 3157 3050 3153 3050 3102 3088 2839 3088 2797 3055 2793 3055 2788 3055 2784 3055 2780 3055 2705 3084 2596 3063 2592 3063 2462 3080 2365 3050 2361 3050 2357 3050 2353 3050 2265 3080 2198 3050 2194 3050 2190 3050 2185 3050 2181 3050 2143 3084 1913 3084 1654 3055 1649 3055 1645 3055 1540 3092 1201 3092 1147 3055 1143 3055 1138 3055 883 3055 879 3055 875 3055 870 3055 833 3088 736 3055 732 3055 728 3055 582 3088 477 3055 473 3055 468 3055 322 3067 326 3209 326 3251 1779 3272 1783 3272 1788 3272 1792 3272 1825 3247 1976 3268 1980 3268 1984 3268 1989 3268 2022 3247 2382 3268 2386 3268 2541 3247 3195 3268 3199 3268 3203 3268 3287 3243 3287 3201 3278 3067 3253 3063"/></Shape>
            <String CONTENT="Peuple de Dieu iuſques aux portes viẽ"
                    HPOS="322"
                    VPOS="3050"
                    WIDTH="2965"
                    HEIGHT="222"
                    WC="0.9809048473834991"></String>
          </TextLine>
          <TextLine ID="eSc_line_b1cfadcc"
                    TAGREFS="LT8"
                    BASELINE="234 3406 2918 3406" 
                    HPOS="234"
                    VPOS="3255"
                    WIDTH="2684"
                    HEIGHT="205">
            <Shape><Polygon POINTS="234 3406 234 3456 2914 3460 2918 3406 2918 3301 2349 3255 2344 3255 2340 3255 2336 3255 2286 3289 2227 3264 2223 3264 2219 3264 2215 3264 2148 3297 1884 3268 1880 3268 1875 3268 1871 3268 1825 3297 1645 3255 1641 3255 1637 3255 1553 3301 1436 3301 1386 3255 1381 3255 1377 3255 1319 3255 1314 3255 1310 3255 1306 3255 1256 3301 1180 3301 1126 3255 1122 3255 1118 3255 1046 3255 1042 3255 1038 3255 1034 3255 975 3297 728 3297 661 3255 657 3255 653 3255 649 3255 644 3255 586 3285 556 3260 556 3255 552 3255 548 3255 410 3255 406 3255 401 3255 242 3293 234 3406"/></Shape>
            <String CONTENT="Sus Debora, ſus, ſus, chante auſſi bien"
                    HPOS="234"
                    VPOS="3255"
                    WIDTH="2684"
                    HEIGHT="205"
                    WC="0.98500545666768"></String>
          </TextLine>
          <TextLine ID="eSc_line_b437f938"
                    TAGREFS="LT8"
                    BASELINE="238 3603 2642 3611 3329 3640" 
                    HPOS="238"
                    VPOS="3444"
                    WIDTH="3091"
                    HEIGHT="259">
            <Shape><Polygon POINTS="3329 3507 3061 3460 3056 3460 2864 3502 2679 3456 2675 3456 2671 3456 2210 3498 2123 3456 2118 3456 2114 3456 2110 3456 2026 3498 1779 3498 1746 3469 1741 3469 1737 3469 1733 3469 1729 3469 1725 3469 1691 3498 1448 3498 1386 3448 1381 3448 1377 3448 1218 3448 1214 3448 1210 3448 1205 3448 1151 3494 904 3494 732 3444 728 3444 724 3444 351 3486 242 3444 238 3603 238 3691 431 3691 431 3686 435 3686 439 3686 481 3653 523 3686 527 3686 531 3686 728 3691 732 3691 736 3691 870 3657 1042 3678 1046 3678 1151 3661 1239 3686 1243 3686 1247 3686 1252 3686 1256 3686 1298 3661 1465 3682 1469 3682 1679 3666 1775 3691 1779 3691 1783 3691 1880 3670 1909 3695 1913 3695 1917 3695 1922 3695 2236 3661 2336 3699 2340 3699 2344 3703 2432 3703 2432 3699 2437 3699 2441 3699 2491 3661 2876 3682 2880 3682 3023 3666 3203 3703 3207 3703 3324 3674 3329 3640 3329 3507"/></Shape>
            <String CONTENT="Quelque eau Pſeaume, &amp; toy o Barach."
                    HPOS="238"
                    VPOS="3444"
                    WIDTH="3091"
                    HEIGHT="259"
                    WC="0.9736038214630551"></String>
          </TextLine>
          <TextLine ID="eSc_line_671b8c21"
                    TAGREFS="LT8"
                    BASELINE="322 3816 879 3816" 
                    HPOS="322"
                    VPOS="3678"
                    WIDTH="557"
                    HEIGHT="172">
            <Shape><Polygon POINTS="322 3816 322 3850 879 3850 879 3816 870 3695 799 3720 707 3695 703 3695 699 3695 540 3712 502 3682 502 3678 498 3678 494 3678 418 3678 414 3678 410 3678 406 3678 406 3682 364 3724 322 3724 322 3816"/></Shape>
            <String CONTENT="chanter."
                    HPOS="322"
                    VPOS="3678"
                    WIDTH="557"
                    HEIGHT="172"
                    WC="0.9766043350100517"></String>
          </TextLine>
          <TextLine ID="eSc_line_968db981"
                    TAGREFS="LT8"
                    BASELINE="234 4013 3132 4013" 
                    HPOS="234"
                    VPOS="3837"
                    WIDTH="2898"
                    HEIGHT="260">
            <Shape><Polygon POINTS="234 4059 267 4084 272 4084 276 4084 280 4084 284 4084 334 4059 401 4084 406 4084 410 4084 678 4059 728 4092 732 4092 736 4092 741 4092 908 4059 954 4092 958 4092 963 4092 967 4097 1155 4097 1155 4092 1159 4092 1222 4059 1323 4080 1327 4080 1331 4080 1335 4080 1369 4059 1503 4080 1507 4080 1616 4063 1654 4092 1658 4092 1662 4092 1666 4092 1779 4072 2001 4092 2005 4092 2009 4092 2114 4063 2257 4084 2261 4084 2822 4063 2952 4092 2956 4092 2960 4092 3065 4059 3123 4084 3132 4013 3086 3895 2994 3854 2989 3854 2985 3854 2981 3854 2801 3904 2633 3837 2629 3837 2625 3837 2621 3837 2499 3900 2420 3866 2416 3866 2411 3866 2407 3866 2324 3908 1972 3908 1825 3871 1821 3871 1817 3871 1813 3871 1762 3904 1540 3904 1440 3879 1436 3879 1432 3879 1310 3904 1226 3837 1222 3837 1218 3837 795 3837 791 3837 787 3837 657 3904 561 3904 448 3846 443 3846 301 3837 297 3837 293 3837 288 3837 247 3871 234 4013"/></Shape>
            <String CONTENT="Et deuant CEl ſoit ta proye marchante."
                    HPOS="234"
                    VPOS="3837"
                    WIDTH="2898"
                    HEIGHT="260"
                    WC="0.9624072062341791"></String>
          </TextLine>
          <TextLine ID="eSc_line_3da33a7b"
                    TAGREFS="LT8"
                    BASELINE="314 4222 2952 4222" 
                    HPOS="314"
                    VPOS="4067"
                    WIDTH="2638"
                    HEIGHT="226">
            <Shape><Polygon POINTS="314 4222 314 4264 602 4264 665 4289 669 4289 674 4289 816 4264 912 4289 917 4289 921 4293 1226 4293 1226 4289 1231 4289 1285 4264 1461 4289 1465 4289 1469 4289 1570 4264 2596 4289 2600 4289 2776 4264 2947 4289 2952 4222 2952 4109 2876 4109 2834 4072 2834 4067 2830 4067 2826 4067 2679 4067 2675 4067 2671 4067 2667 4067 2667 4072 2629 4109 2110 4109 2051 4067 2047 4067 2043 4067 1783 4067 1779 4067 1775 4067 1771 4067 1771 4072 1741 4101 1670 4067 1666 4067 1662 4067 1658 4067 1578 4088 1390 4067 1386 4067 1381 4067 1302 4109 1063 4109 925 4072 921 4072 917 4072 912 4072 908 4072 866 4109 477 4109 439 4072 439 4067 435 4067 431 4067 427 4067 314 4080 314 4222"/></Shape>
            <String CONTENT="Deuant tes pieds, ô d’Abinoam fils,"
                    HPOS="314"
                    VPOS="4067"
                    WIDTH="2638"
                    HEIGHT="226"
                    WC="0.9826254347960154"></String>
          </TextLine>
          <TextLine ID="eSc_line_8eec97e6"
                    TAGREFS="LT8"
                    BASELINE="238 4419 3366 4427" 
                    HPOS="234"
                    VPOS="4264"
                    WIDTH="3132"
                    HEIGHT="230">
            <Shape><Polygon POINTS="3358 4310 3211 4310 3165 4272 3161 4272 3157 4272 3044 4272 3040 4272 3035 4272 3031 4272 2968 4310 2830 4289 2826 4289 2822 4289 2776 4310 2596 4289 2592 4289 2587 4289 2554 4306 2512 4272 2508 4272 2504 4272 2290 4272 2286 4272 2110 4310 1272 4310 1164 4285 1159 4285 1155 4285 1126 4302 1088 4268 1084 4268 1080 4268 1076 4268 1071 4268 950 4306 699 4268 510 4268 506 4268 502 4268 381 4302 339 4268 334 4268 330 4268 238 4264 238 4419 234 4461 544 4490 548 4494 1021 4494 1021 4490 1025 4490 1030 4490 1059 4469 1314 4490 1319 4490 1624 4469 1733 4490 1737 4490 1741 4490 1796 4469 1859 4494 1863 4494 1867 4494 1989 4473 2123 4494 2127 4494 2277 4473 2445 4494 2449 4494 2453 4494 2508 4473 3031 4473 3111 4494 3115 4494 3119 4494 3362 4469 3366 4427 3362 4314 3358 4310"/></Shape>
            <String CONTENT="Marchẽt treſtous ceux que priſonniers fiss."
                    HPOS="234"
                    VPOS="4264"
                    WIDTH="3132"
                    HEIGHT="230"
                    WC="0.9797915301539681"></String>
          </TextLine>
          <TextLine ID="eSc_line_74a4d5c0"
                    TAGREFS="LT8"
                    BASELINE="242 4620 3165 4632" 
                    HPOS="238"
                    VPOS="4482"
                    WIDTH="2927"
                    HEIGHT="221">
            <Shape><Polygon POINTS="242 4620 238 4653 339 4691 343 4691 347 4691 535 4670 561 4691 565 4691 569 4691 573 4691 682 4670 716 4691 720 4691 724 4691 728 4691 946 4670 1105 4687 1109 4687 1113 4687 1205 4662 1285 4687 1289 4687 1293 4687 1620 4666 1662 4691 1666 4691 1670 4691 1674 4691 1821 4674 1846 4695 1850 4695 1855 4695 1859 4695 2190 4666 2378 4691 2382 4691 2386 4691 2420 4674 2474 4699 2478 4699 2483 4699 2730 4670 2763 4695 2763 4699 2767 4699 2772 4699 2776 4703 2901 4703 2901 4699 2906 4699 2968 4670 3161 4670 3165 4632 3161 4523 2784 4486 2633 4486 2629 4486 2625 4486 2621 4486 2575 4519 2177 4482 2173 4482 2169 4482 2081 4515 2026 4494 2022 4494 2018 4494 2014 4494 1984 4511 1947 4482 1942 4482 1938 4482 1666 4482 1662 4482 1658 4482 1654 4482 1654 4486 1616 4519 1218 4519 1084 4486 1080 4486 1076 4486 967 4511 242 4498 242 4620"/></Shape>
            <String CONTENT="Soyent maintenant d’Iſrael les reliques"
                    HPOS="238"
                    VPOS="4482"
                    WIDTH="2927"
                    HEIGHT="221"
                    WC="0.9681994181412917"></String>
          </TextLine>
          <TextLine ID="eSc_line_ced09f72"
                    TAGREFS="LT8"
                    BASELINE="242 4825 3370 4833" 
                    HPOS="238"
                    VPOS="4670"
                    WIDTH="3132"
                    HEIGHT="234">
            <Shape><Polygon POINTS="242 4825 238 4875 494 4896 498 4896 661 4875 770 4892 774 4892 778 4892 829 4867 1025 4888 1030 4888 1293 4871 1356 4896 1360 4896 1365 4900 1628 4900 1628 4896 1750 4871 1813 4896 1817 4896 2160 4900 2164 4900 2340 4871 2491 4892 2495 4892 2989 4871 3052 4900 3056 4900 3061 4904 3253 4904 3253 4900 3257 4900 3366 4867 3370 4833 3366 4729 3245 4729 3165 4678 3161 4678 3157 4678 2977 4678 2973 4678 2968 4678 2885 4724 2642 4703 2638 4703 2633 4703 2579 4724 2533 4703 2529 4703 2525 4703 2365 4724 2286 4699 2282 4699 2277 4699 2273 4699 2210 4729 1913 4729 1808 4674 1804 4674 1800 4674 1796 4674 1674 4708 1587 4674 1582 4674 1578 4674 1574 4674 1444 4720 1319 4678 1314 4678 1113 4674 1109 4674 1105 4674 1021 4703 925 4674 921 4674 917 4674 912 4674 812 4724 686 4724 242 4670 242 4825"/></Shape>
            <String CONTENT="Dõpteurs des Rois &amp; Princes magnifiq̃s."
                    HPOS="238"
                    VPOS="4670"
                    WIDTH="3132"
                    HEIGHT="234"
                    WC="0.9838603273034096"></String>
          </TextLine>
          <TextLine ID="eSc_line_3480e33f"
                    TAGREFS="LT8"
                    BASELINE="318 5038 3362 5030" 
                    HPOS="314"
                    VPOS="4896"
                    WIDTH="3048"
                    HEIGHT="222">
            <Shape><Polygon POINTS="318 5038 318 5097 984 5080 1067 5118 1071 5118 1076 5118 1319 5097 1553 5118 1557 5118 1725 5084 1808 5118 1813 5118 1817 5118 1821 5118 1825 5118 1871 5076 1976 5076 2118 5114 2123 5114 2127 5114 2386 5088 2411 5105 2416 5105 2420 5105 2424 5105 2428 5105 2432 5105 2462 5084 2575 5114 2579 5114 2583 5114 2709 5084 2818 5114 2822 5114 2826 5114 2830 5114 2906 5084 2943 5114 2947 5114 2952 5114 2956 5114 2960 5114 3040 5093 3249 5114 3253 5114 3257 5114 3362 5072 3362 5030 3354 4929 3148 4904 3144 4904 2705 4925 2675 4900 2671 4900 2667 4900 2663 4900 2659 4900 2600 4929 2554 4900 2550 4900 2545 4900 2541 4900 2340 4929 2018 4909 2014 4909 1896 4929 1859 4904 1855 4904 1850 4904 1846 4904 1478 4934 1314 4904 1310 4904 1306 4904 1302 4904 1272 4929 1092 4904 1088 4904 1084 4904 1080 4904 1051 4929 1021 4904 1017 4904 1013 4904 1009 4904 824 4921 787 4896 783 4896 778 4896 774 4896 494 4917 314 4900 318 5038"/></Shape>
            <String CONTENT="Soit Dieu pour nous regnant ſur tous"
                    HPOS="314"
                    VPOS="4896"
                    WIDTH="3048"
                    HEIGHT="222"
                    WC="0.9988865339093738"></String>
          </TextLine>
          <TextLine ID="eSc_line_f5c6c013"
                    TAGREFS="LT8"
                    BASELINE="393 5239 1034 5239" 
                    HPOS="393"
                    VPOS="5076"
                    WIDTH="641"
                    HEIGHT="226">
            <Shape><Polygon POINTS="393 5239 393 5289 649 5277 896 5302 900 5302 1034 5273 1034 5239 1034 5126 870 5101 866 5101 862 5101 808 5122 682 5076 678 5076 674 5076 669 5076 665 5076 598 5122 506 5080 502 5080 393 5080 393 5239"/></Shape>
            <String CONTENT="les forts"
                    HPOS="393"
                    VPOS="5076"
                    WIDTH="641"
                    HEIGHT="226"
                    WC="0.9926454424858093"></String>
          </TextLine>
          <TextLine ID="eSc_line_2c1192e5"
                    TAGREFS="LT8"
                    BASELINE="251 5427 3257 5444" 
                    HPOS="247"
                    VPOS="5273"
                    WIDTH="3010"
                    HEIGHT="230">
            <Shape><Polygon POINTS="251 5427 247 5465 309 5494 314 5494 318 5494 707 5473 1511 5499 1515 5499 1520 5499 1524 5499 1557 5478 1775 5503 1779 5503 3253 5482 3257 5444 3257 5335 2943 5281 2755 5281 2751 5281 2746 5281 2742 5281 2688 5327 2612 5289 2608 5289 2604 5289 2600 5289 2520 5310 2416 5277 2411 5277 2143 5277 2139 5277 2135 5277 2005 5327 1754 5273 1750 5273 1645 5277 1641 5277 1637 5277 1574 5323 1507 5273 1503 5273 1499 5273 1494 5273 1268 5323 1076 5302 1071 5302 724 5319 661 5298 657 5298 653 5298 431 5319 334 5273 330 5273 326 5273 251 5281 251 5427"/></Shape>
            <String CONTENT="Qui contre nous dreſſerent leurs efforts."
                    HPOS="247"
                    VPOS="5273"
                    WIDTH="3010"
                    HEIGHT="230"
                    WC="0.9854123025405698"></String>
          </TextLine>
          <TextLine ID="eSc_line_63e7efd0"
                    TAGREFS="LT8"
                    BASELINE="251 5633 3333 5653" 
                    HPOS="247"
                    VPOS="5482"
                    WIDTH="3086"
                    HEIGHT="243">
            <Shape><Polygon POINTS="251 5633 247 5670 414 5712 418 5712 665 5679 866 5716 870 5720 1168 5720 1168 5716 1172 5716 1268 5687 1557 5720 1561 5720 1566 5720 1624 5687 1666 5720 1670 5720 1674 5720 1679 5725 1817 5725 1817 5720 1821 5720 1888 5687 2097 5687 2298 5720 2303 5720 2579 5691 3174 5691 3324 5720 3333 5653 3333 5536 3186 5499 3182 5499 3178 5499 2968 5536 2717 5494 2713 5494 2466 5532 1406 5528 1369 5503 1365 5503 1360 5503 1356 5503 1151 5524 778 5482 774 5482 251 5494 251 5633"/></Shape>
            <String CONTENT="C’eſt d’Ephraim que prouient ceſte race,"
                    HPOS="247"
                    VPOS="5482"
                    WIDTH="3086"
                    HEIGHT="243"
                    WC="0.9910896435379982"></String>
          </TextLine>
          <TextLine ID="eSc_line_8aab0249"
                    TAGREFS="LT8"
                    BASELINE="251 5833 3102 5842" 
                    HPOS="247"
                    VPOS="5679"
                    WIDTH="2855"
                    HEIGHT="234">
            <Shape><Polygon POINTS="251 5833 247 5875 322 5909 326 5909 330 5909 992 5888 1277 5909 1281 5909 1285 5909 1356 5884 1616 5905 1620 5905 1834 5888 1959 5913 1963 5913 2713 5888 2738 5909 2742 5909 2746 5909 2751 5909 3098 5884 3102 5842 3098 5725 2947 5687 2943 5687 2939 5687 2843 5729 2679 5687 2675 5687 2671 5687 2667 5687 2663 5687 2663 5691 2621 5729 2499 5729 2453 5691 2453 5687 2449 5687 2445 5687 2378 5687 2374 5687 2370 5687 2365 5687 2311 5733 1716 5733 1670 5687 1670 5683 1666 5683 1662 5683 1566 5683 1561 5683 1557 5683 1553 5683 1494 5729 1335 5729 1264 5683 1260 5683 1256 5683 1252 5683 1247 5683 1243 5683 1243 5687 1197 5729 1151 5729 1080 5683 1076 5683 1071 5683 996 5683 992 5683 988 5683 896 5729 795 5729 724 5683 720 5683 716 5683 540 5683 535 5683 531 5683 443 5725 406 5691 401 5691 397 5691 251 5679 251 5833"/></Shape>
            <String CONTENT="Qui d’Amale ch iadis rompit l’audace:"
                    HPOS="247"
                    VPOS="5679"
                    WIDTH="2855"
                    HEIGHT="234"
                    WC="0.9973130709416157"></String>
          </TextLine>
          <TextLine ID="eSc_line_b3aab11c"
                    TAGREFS="LT8"
                    BASELINE="351 6043 3345 6051" 
                    HPOS="347"
                    VPOS="5892"
                    WIDTH="2998"
                    HEIGHT="239">
            <Shape><Polygon POINTS="351 6043 347 6084 531 6110 535 6110 791 6097 875 6126 879 6126 883 6126 1034 6093 1071 6126 1076 6126 1080 6126 1084 6126 1088 6126 1168 6093 1281 6093 1335 6126 1339 6126 1344 6126 1348 6126 1352 6126 1423 6093 1507 6126 1511 6126 1515 6126 1704 6110 1850 6131 1855 6131 2051 6105 2110 6131 2114 6131 2118 6131 2315 6110 2550 6126 2554 6126 2558 6126 2562 6126 2600 6101 2700 6131 2705 6131 2709 6131 2713 6131 2793 6110 2893 6131 2897 6131 2901 6131 2989 6097 3337 6110 3345 6051 3345 5930 3228 5896 3224 5896 2964 5896 2960 5896 2956 5896 2864 5925 2830 5896 2826 5896 2822 5896 2734 5896 2730 5896 2726 5896 2583 5938 2470 5896 2466 5896 2361 5896 2357 5896 2353 5896 2236 5938 1771 5917 1767 5917 908 5934 770 5892 766 5892 762 5892 757 5892 753 5892 695 5934 636 5892 632 5892 628 5892 489 5892 485 5892 481 5892 351 5930 351 6043"/></Shape>
            <String CONTENT="Mais Beniamin y vint quãd ce fut fait,"
                    HPOS="347"
                    VPOS="5892"
                    WIDTH="2998"
                    HEIGHT="239"
                    WC="0.9770775238672892"></String>
          </TextLine>
          <TextLine ID="eSc_line_d6d71860"
                    TAGREFS="LT8"
                    BASELINE="251 6244 2642 6256" 
                    HPOS="247"
                    VPOS="6089"
                    WIDTH="2395"
                    HEIGHT="301">
            <Shape><Polygon POINTS="251 6244 247 6310 314 6323 389 6386 393 6386 397 6386 401 6386 607 6365 795 6386 799 6386 803 6386 808 6386 841 6361 1046 6390 1051 6390 1055 6390 1168 6352 1277 6390 1281 6390 1285 6390 1289 6390 1339 6369 1549 6390 1553 6390 1557 6390 1712 6331 1871 6348 1875 6348 1880 6348 1884 6348 1905 6327 2001 6382 2005 6382 2009 6382 2014 6382 2102 6340 2156 6361 2160 6361 2164 6361 2169 6361 2173 6361 2173 6357 2198 6331 2231 6348 2236 6348 2240 6348 2244 6348 2290 6327 2638 6327 2642 6256 2633 6114 2504 6139 2453 6101 2449 6101 2445 6101 2332 6101 2328 6101 2324 6101 2319 6101 2273 6135 2185 6101 2181 6101 2177 6101 2173 6101 2169 6101 2118 6147 1892 6147 1658 6118 1654 6118 1649 6118 1582 6139 1499 6105 1494 6105 1490 6105 1319 6139 1138 6097 1134 6097 1130 6097 1046 6139 762 6093 757 6093 753 6093 749 6093 749 6097 707 6139 577 6139 527 6093 523 6093 519 6093 515 6093 376 6110 251 6089 251 6244"/></Shape>
            <String CONTENT="Deſia Siſare eſtant par toy deffait"
                    HPOS="247"
                    VPOS="6089"
                    WIDTH="2395"
                    HEIGHT="301"
                    WC="0.9977007934025356"></String>
          </TextLine>
        </TextBlock>
        <TextBlock HPOS="572"
                   VPOS="344"
                   WIDTH="1694"
                   HEIGHT="263"
                   ID="eSc_textblock_91dedb48"
                   TAGREFS="BT18">
          <Shape><Polygon POINTS="572 344 572 607 2266 607 2266 344"/></Shape>
          <TextLine ID="eSc_line_5b25c1d0"
                    TAGREFS="LT10"
                    BASELINE="636 518 2190 506" 
                    HPOS="632"
                    VPOS="351"
                    WIDTH="1558"
                    HEIGHT="239">
            <Shape><Polygon POINTS="2056 364 2014 364 2009 364 1963 376 1855 359 1846 359 1804 359 1762 359 1721 359 1716 359 1637 380 1189 351 1185 351 1013 385 967 359 967 364 933 364 908 385 778 372 757 376 716 376 674 380 653 380 632 389 636 518 636 556 724 552 795 585 799 585 803 585 808 585 891 548 1059 573 1063 573 1067 573 1155 544 1335 544 1419 585 1423 585 1427 590 1666 590 1666 585 1779 581 1783 581 1859 544 1951 560 1955 560 2060 539 2097 564 2102 564 2106 564 2110 564 2114 564 2190 539 2190 506 2181 380 2123 364 2097 364"/></Shape>
            <String CONTENT="CANTIOVES."
                    HPOS="632"
                    VPOS="351"
                    WIDTH="1558"
                    HEIGHT="239"
                    WC="0.9975149750709533"></String>
          </TextLine>
        </TextBlock>
        <TextBlock HPOS="2901"
                   VPOS="344"
                   WIDTH="425"
                   HEIGHT="290"
                   ID="eSc_textblock_f4a29131"
                   TAGREFS="BT15">
          <Shape><Polygon POINTS="2901 344 2901 634 3326 634 3326 344"/></Shape>
          <TextLine ID="eSc_line_4315cde6"
                    TAGREFS="LT8"
                    BASELINE="2991 553 3263 553" 
                    HPOS="2985"
                    VPOS="370"
                    WIDTH="276"
                    HEIGHT="245">
            <Shape><Polygon POINTS="2985 552 2985 615 3261 590 3261 552 3261 382 2985 370 2985 552"/></Shape>
            <String CONTENT="305"
                    HPOS="2985"
                    VPOS="370"
                    WIDTH="276"
                    HEIGHT="245"
                    WC="0.9997890988985697"></String>
          </TextLine>
        </TextBlock>
        <TextBlock HPOS="2221"
                   VPOS="6323"
                   WIDTH="571"
                   HEIGHT="245"
                   ID="eSc_textblock_f6e94598"
                   TAGREFS="BT17">
          <Shape><Polygon POINTS="2221 6323 2221 6568 2792 6568 2792 6323"/></Shape>
          <TextLine ID="eSc_line_abb7dd5f"
                    TAGREFS="LT8"
                    BASELINE="2282 6465 2717 6457" 
                    HPOS="2277"
                    VPOS="6331"
                    WIDTH="440"
                    HEIGHT="239">
            <Shape><Polygon POINTS="2282 6465 2282 6528 2499 6528 2545 6566 2550 6566 2554 6566 2558 6570 2717 6570 2717 6457 2709 6369 2529 6331 2525 6331 2520 6331 2449 6369 2386 6331 2382 6331 2378 6331 2374 6331 2277 6331 2282 6465"/></Shape>
            <String CONTENT="V. iij."
                    HPOS="2277"
                    VPOS="6331"
                    WIDTH="440"
                    HEIGHT="239"
                    WC="0.9972012042999268"></String>
          </TextLine>
        </TextBlock>
      </PrintSpace>
    </Page>
  </Layout>
</alto>
