4267 8022
771 503 343 210 130

1667 485 1596 232 CHANSONS

769 1771 388 435 L

766 704 3211 325 Eſtimant bien du grãd cõme du moindre

771 926 3157 290 Auſſi n’enten-ie en charité me faindre

784 1127 3175 330 Quoy q̃ d’autruy i’oy meſdire ou blaſmet.

994 1350 2867 298 Chanſon ſur le chant l’atten ſecours

1143 1778 2796 314 E iuſte ira haut, au ſainct tabernacle

1698 1591 1240 262 de ma ſeule penſee

1143 1992 2368 300 Et auec Dieu au lieu heritera,

771 2206 2385 262 Ou le malin recueilli ne ſera.

757 2415 3099 308 Dieu ſoit loué qui monſtre tel miracle,

775 2638 2765 285 Qui pur ſera, ira haut au Cenacle:

793 2852 2399 267 Qui verité de ſa bouehe dira,

753 3075 2796 267 Et au prochain iamais ne mentira,

757 3275 2729 276 Ne trompera, ne ſera en ſpectacle.

762 3480 2845 285 Mais le malin n’aura ſeur habitacle,

766 3694 3072 325 Comme celuy qui craignant Dieu ſera

757 3926 2533 263 A ſon prochain ne ſe pariurera,

749 4113 2550 290 D’vſure auſſi ne fera receptacle

749 4331 2737 272 Il entrera de Dieu au ſainct oracle

762 4559 2787 276 Qui ſon argent purement preſtera:

762 4773 2809 258 Et qui touſiours ainſi viure voudra

740 4969 3143 294 D’aller aux cieux en fin n’aura obſtacle.

1288 5200 2274 272 Chanſon ſur le chant A qui

1823 5423 1262 254 dira elle ſa penſee.

1183 5602 1940 260 E qui ſera, las conſolée,

1183 5842 2615 281 L’ame qui n’a Chriſt ſon ſauueur,

735 6052 2716 272 L’ame qui n’a point Ieſus Chriſt.

740 6257 1640 227 Comment vit-elle?

757 6471 2832 347 Touſiours repugne au fainct Eſprit,

742 5595 433 454 D

3537 6771 335 228 Et luy
