4267 7331
1014 293 330 183 196

2049 309 1337 204 CHANSONS

1002 494 3038 330 De tous vrais pelerins, diſant en doux lan

1173 726 489 233 gage,

990 883 2999 298 Ie ſuis le Pelican qui ſanté donne & vie,

986 1095 3044 301 Pour faire viure ceux qu’ont de ſalut en¬

1161 1331 367 180 uie.

974 1478 3044 322 La mort qui eux & moy penſoit ſes ſu¬

1161 1718 921 188 iets rendre,

965 1873 3065 301 Ie prins & mis à mort, me laiſſant d’el¬

1169 2125 872 200 Ie prendre:

961 2272 3057 322 Mais eſtant en ſes las, n’a pas eſté ſi

1149 2500 489 208 forte,

978 2683 3048 318 Que ne ſoye eſchappé, en rendãt la mort

1128 2920 583 179 morte.

1128 3087 2886 313 Parquoy ſur mes enfans n’a plus nulle

1128 3307 832 203 puiſſance:

945 3482 3069 297 Car par ma mort aurõt de vie iouiſſance.

1137 3698 2877 285 Où eſt ton aiguillon, ô mort tant re¬

1226 3905 697 212 doutee?

949 4089 3061 297 Ta puiſſance par moy & ta force eſt oſtee.

1124 4292 2739 281 Ie ſuis la Verité & la Vie, & la Voye:

933 4492 3073 309 Mort n’a plus de pouuoir quelque part

1198 4716 949 224 que ie ſoye.

1108 4903 2898 289 Les pecheurs ſeulement la trouueront

1185 5064 669 250 cruelle:

912 5286 3090 301 Mais les miens l’aimerõt, & la trouueront

1263 5498 517 220 belle.

1104 5693 2902 314 Par moy l’horrible mort eſt belle de¬

1279 5942 571 203 uenue,

3814 6141 192 245 Et
