4267 8012
3051 698 276 285 101

668 676 1759 227 SPIRITVELLES.

106 930 1862 222 Fole fiance les ſurmonte,

124 1157 2076 213 Qui les fait ailleurs recourir,

120 1357 2561 232 Dont ils deuſſent creuer de honte:

133 1584 2477 232 Car ſeul pour eux voulut mourir.

209 1793 2490 218 Nouueau Adam, qui as ſouffert

129 2011 2271 227 En la croix vn mortel outrage,

133 2234 2281 223 Par ta mort clairement appert

129 2430 1728 240 De ton celeſte mariage,

133 2648 2285 236 De ton coſté pour noſtre vſage

133 2862 2534 240 As demonſtré qu’es noſtre eſpoux:

138 3080 2748 249 Dont t’aimerons de grand courage,

151 3289 2370 231 Comme vn mari loyal & doux.

271 3503 2156 235 Le faux ſerpent auoit domté

151 3707 1960 250 Adam, & ſoumis à ſa guiſe:

142 3916 2338 245 Mais Dieu a par ſa grand’ bonté

138 4130 2075 232 Pardonné la faute commiſe:

133 4335 2307 276 Par toy, Chriſt, elle fut remiſe,

138 4553 2124 258 Pour nous as ſouſtenu le faix:

155 4767 2334 271 Qui eſt le poinct qui nous auiſe

138 4980 1968 241 De te louer en dits & faits.

262 5207 2735 254 Puis qu’ainſi eſt, mon Redempteur

164 5408 2508 262 Que par toy ſeul ma paix eſt faite:

151 5621 2009 258 Et que tu m’es reſtaurateur,

151 5826 2307 272 De la mort qui eſt tant infecte,

151 6035 2543 281 Maintenant & touſiours proteſte,

178 6258 2391 271 Tant qu’au mortel monde ſeray,

182 6471 2205 290 Que de cœur & penſee nette,

173 6681 1804 320 Ton vouloir executeray.

2258 6974 414 267 g .iii.
