4267 8012
3073 480 416 254 241

726 445 1719 231 SPIRITVELLES.

338 716 2664 232 Cruellement fouettez, & tormentez,

320 934 3078 245 Et detrenchez pour ton ſainct Euangile.

378 1148 3033 236 Bref, on les a tant en haine & horreur,

338 1362 2833 235 Qu’il ſemble bien que la terre feconde

320 1593 3105 236 Ne ſoit pour eux, qu’en trauail & mal¬

432 1802 418 214 heur,

325 1998 3095 267 Et qu’ils ne ſont pas dignes d’eſtre au

525 2225 575 227 monde

418 2430 3024 262 Mais toy Seigneur, qui tout fais iuſte¬

481 2692 440 178 ment

329 2844 3096 285 A tous leurs maux dõneras bõne adreſſe,

338 3075 2926 254 Ceſt qu’en la fin ils auront ſauuement,

329 3284 2178 254 En paradis en ioye & en lieſſe.

427 3503 2294 249 Et au contraire il a eſté predit,

351 3703 2815 280 Que l’Antechriſt ceſte beſte farouche,

325 3908 2289 284 Sera de toy caſſé, briſé, deſtruit,

325 4126 2534 289 Et ruiné par l’Eſprit de ta bouche.

427 4353 2980 302 Or donc, Seigneur, fay par ta grand'

458 4571 495 240 bonté,

342 4762 2905 294 Que l’Antechriſt ce diable deteſtable,

325 4980 3082 303 Soit en bref temps deſcheu & deſmonté,

325 5207 2726 285 Pour donner lieu à ta Loy veritable.

1171 5457 1091 231 Ainſi ſoit-il.

824 5857 1781 258 Chanſon ſur le chant,

1051 6106 1367 232 Frere Thibaut, &c.

507 6256 2918 313 Rere Thibaut gros, gras & mal adroit

527 6489 2911 347 Portoit (vn iour) ſõ Dieu à vn malade:

327 6169 160 547 F

2396 6787 485 250 q .iii.
