4267 7830
827 556 331 192 372

1676 504 1546 235 CANTIQVES.

842 1996 456 490 A

818 748 2325 248 Touche mon cœur & viuifie,

809 956 2204 266 Par ton fils Ieſus noſtre vie.

1071 1383 2643 252 Cantique, Sur le chant du Pſeaume

1367 1622 2124 261 ſeptieme, Mon Dieu i'ay en, etc.

1245 2027 2503 256 Rreſtez-vous gens de tous aages

1248 2218 2417 300 Au Seigneur, ſi vous eſtes ſages.

835 2453 2134 244 Seruez à Dieu & l’adorez,

849 2666 2599 252 Louez ſon nom, & l’honnorez.

1049 2862 2608 278 Les biens d’icy, que fols amaſſent;

844 3088 2452 270 Sont incertains, & ſi ſe paſſent:

844 3301 2852 274 Mais des vrais biens ceux iouyront,

870 3523 2643 265 Qui de vray cœur Dieu ſeruiront.

1084 3714 2738 279 O mal heureux ceux qui entendent

883 3923 2278 257 La verité, & ne s’amendent!

888 4149 2521 270 Amendez-vous pour ſeruir tous

901 4363 2530 261 A Ieſus qui eſt mort pour vous.

1118 4571 2286 257 N’entendez pas à la iournee

905 4793 2299 239 De voſtre mort determinee:

931 4980 2382 279 Laiſſez le ioug de tout peché,

962 5215 2029 235 Car le ſalut eſt aproché.

1153 5402 2487 274 C’eſt le ſalut de longue attente,

966 5620 2835 282 Que maintenant Dieu vous preſente:

984 5846 2150 261 Venez-y ſans plus differer,

970 6068 2138 239 Et ſans plus en deliberer.

1136 6263 2573 261 O bien-heureux qui ne ſeiourne

979 6494 2460 318 En ſon peché, ains ſe retourne:

3626 6675 405 274 Prepa¬
