4267 7568
980 676 295 248 514

1893 548 1553 271 CANTIQV ES.

976 803 2112 315 Le Dieu d’Iſrael vos captifs

988 1025 1982 316 En vn troupeau ramaſſe.

1161 1395 2794 337 Cantique d’Eſaie, chap. 26. Sur le chant

1321 1643 2491 282 du Pſeau. Ia 6. Sus mon ame qu’on, et c.

1026 1812 2975 357 Eſaie prophetixe de la felicité de l’Egliſe de Du

1317 2034 2579 341 apres auoir eſté longuement opprimee ſuus

2070 2287 1229 231 Ie ioug des tyrans.

1502 2610 2039 354 E beau Cantique en Iudee

1420 2863 2140 340 Quelque iour lon chantera,

1081 3111 1847 298 De la gent outrecuydoe

1089 3334 1612 281 Quand deliuree ſera,

1089 3498 2252 311 Dieu luy faiſant ce bon tour,

1106 3737 1772 278 De voir ici ſon retour.

1275 3939 2209 257 Ville forte & bien muree.

1131 4128 2210 307 Nous auons par noſtre Dieu,

1136 4360 2028 252 C’eſt Sion la bien-heuree:

1148 4566 1696 273 Car de ſalut en ce lieu

1157 4767 2243 295 Murs auant-murs, & rempars

1157 5003 1839 256 Dreſſera de toutes pars,

1363 5146 2361 311 Ouurez donc vos portes belles:

1178 5415 1893 265 La gent iuſte y entrera,

1186 5591 1848 282 La troupe de ſes fideles,

1224 5827 1528 277 Qui verité gardera:

1207 5991 2706 298 Mais ceux qui Dieu n’aiment poinb

1216 6197 2436 294 En ſoyent exclus de tout poinct.

1384 6407 2176 349 L’homme qui met ſa penſee

1079 2724 433 467 C
