4267 8012
3082 520 316 267 219

792 480 1774 205 SPIRITVELLES.

340 1916 120 520 S

356 734 2173 240 Six iours il conuient labourer,

351 961 1938 240 Au ſeptieme Dieu honorer.

654 1183 1595 241 Poures aueugles, &c.

610 1473 2294 262 Chanſon ſur le chant, Chriſte

1215 1727 918 244 qui lux, &c.

500 2003 2231 273 Educteur mauuais Antechriſt,

500 2216 2524 314 Cognoy le Seigneur Ieſus Chriſt,

329 2461 2428 258 Sans luy pourchaſſer deshonneur,

329 2670 2183 258 Et tu feras ton grand honneur.

445 2888 2178 267 Tu as abuſé trop long temps,

325 3097 2530 276 Pluſieurs en ſont bien mal contens,

325 3298 1848 285 N'empeſche plus la verité,

320 3529 1528 258 Ou tu ſeras desherité.

418 3752 2174 271 Compare ici à nos appeaux,

329 3952 2325 289 Tu as vendu trop de chappeaux:

325 4188 2436 267 Ou pour le moins quitte ton lieu,

329 4370 2508 317 Cognoiſſant qu’il eſt vn ſeul Dieu.

405 4602 2356 312 Sçais-tu pas bien que ſi ie croy,

316 4811 2075 298 I’ay telle puiſſance que toy?

311 5025 2125 298 Mais ie ne ſçay ſi tu crois bien:

302 5247 2432 294 Si tu crois, tu n’en monſtres rien.

409 5457 2379 307 Venez Cardinaux rendez-vous,

320 5675 2410 302 Venez vous-en par deuers nous,

307 5875 2031 307 Recognoiſſans ſans cas ne ſi,

302 6089 2423 329 Qu’il ne vous faut plus viure ainſi.

396 6320 2245 321 Vien-ça vien, gentil-ſotemus,

307 6516 1928 383 Es-tu quitte d’vn Oremus,
