4267 7830
714 535 313 234 388

1685 508 1402 257 CANTIQVES.

718 2623 379 509 L

696 748 1916 256 Pour qui Ieſus eſt mort)

718 987 1951 222 Contre toute entrepriſe

714 1178 1902 235 Du diable & ſon effort,

718 1387 1998 261 Et qu’à luy ſeul Seigneur

727 1618 2042 230 Soit rendu tout honneur.

712 2003 3025 280 Cantique, Sur le chant du Pſeaume,56.

1040 2262 2473 221 Mon Dieu l’ennemi m’enuironne, etc.

1130 2616 2411 287 'enfant qui a de Dieu la crainte,

1169 2844 2294 255 Trauaille en la Parole ſaincte:

1136 3079 2142 240 Afin qu’il puiſſe à laduenir

744 3288 2460 222 Touſiours de Dieu ſe ſouuenir:

1058 3506 2242 252 Et que ſans nulle hypocriſie,

722 3710 2203 244 Il ſerue à Dieu toute ſa vie,

731 3928 1811 239 En eſprit, & en verité,

748 4132 2125 231 Par bonne vie & ſaincteté.

992 4332 2521 222 Vn tel enfant en Dieu ſe fonde,

757 4534 2653 255 Sans s’arreſter aux fols du monde,

771 4737 2907 274 Mocqueurs de Dieu fols & meſchans,

766 4985 2878 239 Qu’on voit en la ville & aux champs.

1071 5185 2281 239 Les garnemens de telle ſorte

753 5398 2795 243 Point il ne ſuit,ains s’en deporte:

775 5615 2625 240 Les desbauchez ne cerche point

775 5811 2782 248 Mais volontiers aux bons s’adioint.

988 6033 2299 239 En ſa memoire eſt imprimee

770 6233 2456 252 La Loy de Dieu, tant eſtimee,

757 6464 2447 287 Selon les beaux enſeignemens

3191 6629 714 278 Comprins
