4267 7849
1012 610 331 179 66

1854 610 1570 205 CHANSONS

1204 841 2617 253 Quand le Seigneur m’aura mené,

999 1042 1928 244 I’auray ſon autel aſſigné

1012 1255 2426 231 Où eſt le vray repos ſans ceſſe:

1007 1460 2605 240 Quand mon repos m’aura donné,

999 1670 2430 226 Et tous mes pechez pardonné,

1007 1870 2068 231 Ie reſiouyray ma ieuneſſe.

1212 2071 2854 240 O mon Dieu, mon Roy, mon Sauueur,

994 2276 2330 213 Ie confeſſe de tout mon cœur

1003 2472 2186 240 Deſſus la harpe ta louange.

999 2694 2399 223 Ame, pourquoy es en douleur.

1007 2895 2784 218 Quand en Dieu as tant de douceur?

1029 3095 2836 201 Tu me troubles, c’eſt choſe eſtrange.

1199 3305 2631 222 Aye eſperance au Dieu des dieux,

1003 3497 2295 205 Et ſi le confeſſe en tous lieux

1003 3702 2740 235 Par beaux dicts & belles louanges:

1003 3911 1867 227 Mon ſalutaire precieux

1003 4129 2627 222 Regne tant en terre qu’aux cieux

999 4321 2543 222 Le ſoulas des hommes & Anges.

1435 4517 2439 240 Chanſon ſur le chant, Tant que

1797 4739 1715 236 viuray en aage floriſſant.

1465 4918 2507 229 Ant que viuray en aage floriſſant,

1465 5121 2586 262 Ie ſeruiray le Seigneur tout puiſſant

986 5337 3019 235 En faits, en dits, en chanſons & accords,

1016 5546 2949 227 Le vieil ſerpent m’a tenu languiſſant,

994 5747 2954 226 Mais Ieſus Chriſt m’a fait reſiouiſſant,

990 5965 3037 257 En expoſant pour moy ſon ſang & corps:

994 6152 1060 218 Son alliance

999 6357 1282 319 C’eſt ma fiance.

1062 4865 404 485 T

3843 6619 227 200 Il e◊
