4267 7638
3069 551 327 327 393

759 458 1512 271 C ANTIQVES.

318 687 2390 322 Nous qui eſtions en malediction,

314 882 2564 327 Crions à toy, t’appelans noſtre Pere

305 1090 2369 314 En tout aſſaut, & toute affliction.

390 1289 2959 357 C’eſt l’Aduocat, qui iour & nuit ſupplie

292 1485 3057 356 Vers toy, ô Dieu pour faire noſtre accord

292 1693 2684 339 A toy luy ſeul nous preſente & allie,

275 1909 2684 335 Et enuers toy n’auons autre ſupport.

352 2096 2976 369 C’eſt le Soleil, qui tous nous illumine,

258 2308 2786 339 Nous conduiſant à toy ſans fouruoyer:

254 2499 2739 344 Si qu’en la nuict celuy-la ne chemine

267 2679 2261 376 Qui par leſus ſe laiſſe conuoyer.

309 2906 2934 369 C’eſt le chemin, le ſentier & l’addreſſe,

233 3114 2471 297 Par où il faut tout droit à toy venir:

233 3318 2688 348 Car ſi par luy vers toy on ne s’adreſſe,

225 3526 2466 309 Aucune grace on ne peut obtenir.

275 3721 2747 348 A bref parler, c’eſt la ſeule eſperance

220 3933 2896 369 De tous pecheurs: qui ſe ſentent chargez:

220 4120 2773 356 Car tous ceux-la qui ont eu luy fiance,

208 4319 2704 369 Sont recueillis par toy, & deſchargez.

254 4514 2938 395 C’eſt le Paſteur, tout bõ, tout amiable,

216 4722 2322 344 Qui a donné ſa vie pour les ſiens:

208 4926 2496 331 Et d’auantage il eſt tant charitable,

139 5130 3024 369 Qu’il leur depart tous les iours de ſes biẽs.

225 5329 2925 382 C’eſt le patron, c’eſt le vray exẽplaire,

203 5550 2769 339 Auquel deuons en tout temps regarder:

216 5753 2917 357 Afin qu’à toy, Seigneur, nous puiſsiõs plai¬

242 5936 97 191 re

133 6104 2509 490 ◊ le ſuyuans, de peché nous garder.
