4267 7830
705 632 307 242 392

1650 582 1506 248 CANTIQVES.

725 3510 444 522 D

679 839 2569 239 Mocquer d’autruy, ne raporter:

892 1039 2743 244 Somme, il tient & croit la doctrine

657 1244 2443 252 De l’Euangile, & y chemine,

679 1465 2185 214 Selon tout ce qui eſt eſcrit

696 1666 2826 239 Touchant le Seigneur Ieſus Chriſt.

979 1883 2560 235 Or l’Euangile en brefue ſomme,

674 2105 3105 244 Nous veut enſeigner que tout homme,

699 2290 1895 267 Qui ſa fiance arreſtera

657 2505 2007 261 Au ſeul Ieſus:ſauué ſera.

696 2936 3113 256 Cantique, Sur le chant du Pſeaume,12.

1005 3179 2138 240 Donne ſecours, Seigneur: &c.

1176 3543 2770 300 Ieu tout-puiſſant à qui ſeruent tous

1274 3823 692 235 Anges

731 3993 3213 270 Qui nous remplis de grans & riches dons.

696 4215 3000 256 Reçoy de nous les graces & louanges,

731 4423 3161 253 Que pour ton Fils Ieſus nous te rendons.

844 4645 3092 222 C’eſt ton vray Fils, ta gloire & tõ image,

727 4841 3213 239 A qui tu veux que ſoyons conformez:

731 5050 3226 261 Donc te faiſons par luy foy & hommage,

735 5267 3005 257 Recognoiſſans que tu nous as formez,

940 5476 2996 283 Recognoiſſans que par luy nous par¬

1031 5720 723 209 donnes

766 5876 2904 279 Tous nos pechez, au moyen de la foy

766 6116 3209 243 Qu’auons en luy: car tu veux & ordonnes

775 6320 2804 261 Que par luy ſeul ayons accez à toy.

979 6516 2778 365 Il eſt moyen qu’en ce val de miſere,

3570 6725 418 256 Nous
