4267 8022
708 574 353 201 120

1654 516 1600 228 CHANSONS

708 2212 475 482 H

922 753 2662 280 Mais Ieſus Chriſt, qui en pur don

708 1002 2515 232 Promet à tous croyans ſa grace,

713 1198 2323 241 De mon eſprit la peur efface,

713 1408 2180 254 Me diſant, Si par ferme foy

722 1626 2653 236 Tu mets peine à ſuyure ma trace,

704 1845 2470 258 I’ay gagné le pardon pour toy.

1854 2054 1088 218 Autre chanſon.

1183 2232 2816 261 Auſſe le vol de ma plume humble &

1197 2482 653 218 baſſe,

700 2682 3018 246 Eſprit Diuin, qui à chanter m’incites:

717 2892 3273 263 Tant que volant des Indes iuſqu’aux Scy¬

900 3119 375 227 tes,

686 3306 3068 263 Nouueau ſentier par l’air elle ſe trace.

891 3551 2845 232 Ie ne quiers pas obtenir ceſte grace

695 3752 3112 232 Pour de ma gloire eſtendre les limites:

691 3957 3205 232 Maudit l’auteur, & ſes œuures maudites,

664 4158 3326 276 Qui gloire à ſoy, nõ pas à Dieu pourchaſſe.

891 4394 2711 227 Le premier but de mes affections,

695 4599 2827 232 N’eſt que de voir les autres nations

695 4813 3286 240 Par mon exemple à Dieu rendre louanges:

873 5013 3015 241 Si ie ne ſuis facond pour les mouuoir?

708 5223 3157 254 Qui ſait ſi Dieu monſtrera ſon pouuoir?

691 5450 3250 263 Fait-il pas bien des choſes plus eſtranges?

1640 5668 1124 228 Autre chanſon.

891 5864 2426 277 Que ſert d’employer ſa peine,

682 6087 1890 232 A faire contes plaiſans?

677 6297 2056 232 Cela nul profit n’ameine

664 6506 1922 294 A l’auteur ni aux liſans.

3611 6687 457 309 Iadis
