4267 7603
718 426 342 211 168

1643 439 1436 228 CHANSONS

709 680 2235 240 Et nous garder en ceſt effort.

857 891 2518 249 Las à toy nous crions ſans ceſſe,

713 1093 2628 254 Car noſtre ennemi point ne ceſſe

705 1313 2472 241 De nous pourſuyure durement:

705 1507 2548 254 Or donc en ceſte grand' deſtreſſe

705 1723 2286 245 Regarde nous preſentement.

891 1930 2357 249 Seigneur Dieu, verité & voye,

692 2154 2793 253 A l’homme peruers point n’ottroye

688 2361 2205 215 Son vouloir tant pernicieux:

692 2563 2163 228 A celle fin qu’on ne le voye

692 2770 2341 228 Haut eleué iuſques aux cieux.

840 2977 2303 250 Et que ſon orgueil ne l’attire,

684 3189 2488 236 De plus en plus à touſiours nuire

688 3396 1859 232 A l’innocent, & alterer,

692 3602 2463 245 Quand verra tout ce qu’il deſire

688 3809 2134 237 Selon ſon plaiſir proſperer.

878 4025 2544 245 Làs, Seigneur, tu vois le courage,

692 4249 2852 224 De tous ceux qui nous font outrage:

709 4443 2556 232 Tu cognois la cauſe & comment

688 4650 2552 232 Ils deſirent pour leur grand rage

692 4865 2455 220 De toſt nous tirer au tourment.

887 5051 2682 241 Et d’ailleurs embuſche nous dreſſe

722 5275 2256 228 Satan cauteleux, qui ſans ceſſe

730 5482 2049 241 Ainſi qu’vn lion rugiſſant

730 5672 2797 266 Nous enuironne & fort nous preſſe,

739 5896 2370 232 De renoncer le Dieu puiſſant.

929 6111 2100 233 Le pere gemit & ſouſpire,

739 6314 2619 304 La mere de dueil preſque expire,

3561 6530 262 219 En
