4267 8012
3068 676 268 272 135

659 645 1723 218 SPIRITVELLES.

267 3471 200 428 S

236 916 1639 250 Ie ſuis icy en m’y fiant,

236 1126 1826 249 Par la vertu de ton Eſprit.

351 1339 2383 245 Prince duquel tout bien diſtile

249 1575 2116 227 Autre que toy ie ne pretens:

253 1762 2579 258 Tu m’as mis hors par ton bon ſtile,

253 2029 2219 196 A iointes mains graces te rens:

253 2198 2147 245 A te ſeruir ie prens les rangs.

262 2425 2165 236 Car de tes mains nul ne perit:

267 2630 2325 254 Grace & pardon de toy ie prens

258 2839 2009 241 Par la vertu du ſainct Eſprit.

699 3057 1750 214 Chanſon ſur le chant,

681 3284 1777 227 Viure ne puis pour le mal.

440 3465 2271 253 Ire, ta terre as benit à ce coup,

440 3672 2538 253 Elle a porté le fruit tant ſalutaire,

271 3921 2579 240 Qui a mis hors les captifs de lacob

280 4139 3016 240 On ne doit point vn ſi grand ſalut taire.

391 4366 3034 231 A ton peuple as remis tous ſes pechez:

289 4562 2574 236 Et as conuert toute vilaine ordure,

293 4762 3114 263 Dont ils eſtoyent certes tous empeſchez,

316 4985 2855 245 Mais par ton Fils tu en as faict la cure.

356 5207 3064 254 Mieux ne pouuõs qu’à luy ſeul retourner

307 5403 2597 263 O Sire Dieu fay nous à luy retraire:

329 5612 2646 272 Conuerti-nous à toy ſans ſeiourner,

311 5844 2873 249 Et ne permets l’ennemi nous diſtraire.

351 6049 3087 267 Dieu tout puiſſant, & Seigneur immortel

316 6262 2988 276 Eſtendras-tu ſur le poure humain genre

307 6456 2564 320 Ire & courroux qui ſoit perpetuel,

316 6681 3015 333 En luy faiſant touſiours mortelle guerre
