4267 7830
914 517 261 192 20

1759 487 1937 235 SPIRITVELLES.

879 748 2943 248 De tout ton cœur & force l’aimeras,

870 970 2822 248 Et à luy ſeul ton honneur donneras:

883 1170 1172 226 Car il domine

875 1387 1140 226 Par ſa Diuine

862 1592 1463 243 Puiſſance inſigne,

857 1790 2351 263 Et ſur la terre & ſur les cieux.

870 2018 1450 244 Mais trop decline

857 2240 1446 252 La gent maligne

870 2440 1598 257 Quand elle encline

857 2666 2621 231 Son cœur à cercher autres dieux.

1571 2892 2069 231 Le deuxieme commandement.

870 3088 2778 244 Tu ne feras aucun pourtrait tailler:

844 3305 2778 240 De ce qui eſt au ciel ou en la terre.

853 3501 3205 287 Garde toy biẽ quelque hõneur luy bailler

866 3727 3131 266 Qui fait cela trop meſchamment il erre.

857 3941 2922 261 Car Dieu ialoux l’image confondra,

827 4154 2473 265 Et le tailleur & qui s’y attendra.

835 4354 1346 248 Fuy donc l’idole

857 4584 1476 240 Que ta main dole,

849 4793 1362 235 Vaine & friuole:

827 4998 2817 287 Car il n’eſt rien, mais Dieu eſt tout,

835 5220 1202 261 Qui te conſole

831 5433 1158 230 Par ſa parole:

835 5641 1494 240 Ton ame eſt folle

796 5863 2543 266 S’elle n’y prend ſaueur & gouſt.

1449 6107 2012 217 Le troiſieme commandement.

962 6303 2830 256 Le Nom de Dieu en vain ne iureras,

805 6529 2525 278 Ouy, ou non finira ton langage:

3868 6746 176 242 Et
