4267 7638
806 504 1546 242 CANFIOVES.

309 742 2238 267 Preparez-vous ſans nul ſeiour,

309 963 2157 250 En attendant le dernier iour.

390 1149 2560 272 Preparez-vous aux nopces belles,

309 1362 1886 250 Et aux viandes eternelles:

305 1570 2119 250 Afin que vous ſoyez de ceux,

309 1773 1992 263 Qui ſont auec Ieſus re ceu.

369 2155 2959 276 Cantique ſur le chant du Pſcaume, 1a9.

849 2384 1978 238 Dés ma ieuneſſe ils m’ont, et c

496 2743 2822 305 Ine me tiens ne meilleur, ne plus fort,

490 2959 2936 280 Pour tous mes faits, & à riẽ ne les cõpte

301 3199 2526 246 Ie n’en attens ne ſalut ne ſupport:

301 3386 3036 259 Mais y penſant i’en ay horreur & honte¬

581 3602 2603 233 De cœur entier ie le di & le croy,

309 3789 2841 259 Et deuant toy, Seigneur, ie le confeſſe.

326 4001 2964 250 Car ie ne puis faire aucun bien ſans toy,

314 4205 2348 237 La verité à dire ainſi me preſſe.

450 4396 3052 254 Las, où eſt donc ma force & mon pou¬

509 4671 412 179 oir

318 4799 3180 267 En toy mon Dieu, mon ſalut & ma gloire,

309 5019 3206 255 Dieu mon Sauueur, qui es tout mon eſ¬

411 5282 446 204 poir,

335 5414 3193 259 Tout mon ſupport, ma vertu ma victoire.

649 5622 2866 255 Tu es ma paix, mon ſoulas, mõ repos:

335 5838 2819 225 Tues mon bien, tu es toute ma ioye:

348 6034 3150 288 Vers toy, mon Dieu, ie viens à tout pro¬

509 6297 314 233 pos,

280 2734 213 550 I

3129 492 276 250 373
