4267 7925
3179 581 277 303 39

678 589 1774 243 SPIRITVELLES.

165 838 257 469 V

495 845 2305 277 Oy par pitié ta poure creature

515 1076 911 244 Et ſa nature,

176 1219 3029 317 Mon Dieu, mon Roy, car ie t’ay offenſé,

180 1466 2796 277 Et contre toy tant fait, dit, que penſé:

184 1686 2880 260 Pardonne moy mon mal & forfaiture,

184 1924 1229 224 Pleine d’ordure.

325 2069 3092 321 Ie ſay que trop eſt grande mon offenſe,

184 2351 1542 233 Mais nonobſtant ce,

180 2553 2431 238 Ie ne lairray vers toy me retirer:

193 2742 2717 265 Car ie ne puis meilleur bien deſirer

198 2941 3219 286 Que toy, mõ Dieu, mõ bouclier & defenſe

202 3209 1097 220 Ou i’ay fiance.

347 3354 2929 291 Tu es mon Dieu ſalutaire, & propice

206 3623 1009 194 A ma malice:

189 3795 3153 273 D’autre que toy vray ſecours ne pretens,

211 4024 2871 242 Tu es celuy duquel tout bien i’attens

198 4239 2853 247 Et qui remets ma coulpe & iniuſtice

211 4473 1008 202 Par ta iuſtice.

321 4644 3126 273 D’aller vers toy, i’ay pris cœur & audace,

206 4882 1295 238 Maugré menace:

233 5076 2897 255 Veu que l’enfant prodigue & vicieux,

228 5305 2867 238 Quand il cognut ſon mal pernicieux

228 5521 2872 242 Au pere vint, lequel le print en grace,

220 5706 1308 246 D’humaine face.

383 5921 3091 269 Il eſt certain, que treſgrande eſt ma fau¬

3161 6128 322 286 (te,

228 6137 1392 233 Mauuaiſe & caute,

246 6340 2832 264 Mais le brigand qui ſouuent t’offenſa,

259 6560 2708 290 Quand à toy ſeul ſa priere addreſſa,

2285 6828 489 256 c .iiii.
