4267 7533
255 594 2672 213 De tous leurs biens nous deſtournans.

339 803 2273 188 Pardonner nous fis à leurterre,

247 1008 2399 209 Dont il nous rendent ce guerdon,

251 1196 2424 231 Nous voulans dechaſſer par guerre

259 1406 2140 217 De celle dont nous as fait don.

305 1607 2592 230 Onoſtre Dieu, l’heure eſt inſtante,

242 1820 1922 218 Ne les veux-tu pas preuenir?

242 2017 1893 213 Car force n’auons ſuffiſante

234 2213 2165 218 Pour tant de peuples ſouſtenir.

293 2423 2382 226 De tous coſtez ils nous aſſaillent

226 2632 2022 217 Ne ſachans que faire deuons:

226 2833 2395 226 Mais afin que tes mains bataillent,

230 3055 2060 226 A toy nos yeux nous eſleuons.

301 3427 2733 255 Canti, ie ſur le chant, Demeuree ſuis

602 3661 2010 243 ſeule eſgaree, &c. Eſaie chap.5.

326 4023 1930 264 E chanter ây à voix hauſſee,

301 4231 2520 257 Puis que ne crains plus les malheurs,

200 4465 2316 230 la chanſon que i’ay commencee

200 4662 2165 234 Du bien-aimé, ſous ſes couleurs,

196 4867 2010 226 En reſpirant en mes douleurs

205 5072 1708 217 le chanteray ſur l’ennemy

196 5277 1730 226 De la vigne de mon amy.

259 5486 1876 230 Mon amy auoit vne vigne

188 5687 1997 230 En coſtau gras & plantureux,

196 5871 1847 230 Cloſe de haye forte & fine,

180 6080 1972 302 Et plantee de plant heureux.

716 338 1536 235 CANTIQVES.

3061 368 268 263 811

226 4036 81 433 l
