4267 7331
1161 264 350 212 300

2025 228 1483 232 CANTIQVES.

1332 472 2649 240 Et le Seigneur de ces hautes baſtilles

1161 676 2527 228 A le tout veu & bien conſideré,

1157 875 1907 245 Et a eſté de ce exaſperé:

1173 1067 2784 252 Car prouoqué l’ont ſes fils & ſes filles.

1348 1274 2637 241 Dont dit d’iceux, Ie cacheray ma face,

1165 1478 2816 244 Pour voir quels ſont leurs actes à venir.

1198 1694 2714 224 Genre peruers qu’on ne peut reunir,

1181 1869 2776 261 Enfans deſquels la foy tantoſt ſe paſſe.

1344 2081 2466 228 Prouoqué m’ont & incité à ire

1210 2242 2769 274 Par celuy-la qui n’eſt ne dieu ne rien:

1202 2472 2783 256 Par folle gent, & peuple qui n’eſt mien

1206 2679 2722 241 Auſſi le veux prouoquer & induire.

1406 2867 2592 256 Mon feu ireux, qui des enfers horribles

1204 3066 2476 263 Bruſle le fond, empris deuorera

1243 3258 2555 269 Terre & ſon fruit, & ſi embraſe◊

1222 3470 2796 272 Des monts hautains les fondemens terri¬

1609 3702 436 195 bles.

1454 3848 2556 287 I'aſſembleray des maux la grand' c◊¬

1609 4113 571 204 horte,

1259 4260 2722 281 Et emploiray ſur iceux tous mes dards,

1259 4463 2743 257 D’ardeur & faim ſeront biruſlez & ards,

1243 4675 2669 257 Exterminez ſeront en mainte ſorte.

1414 4875 2408 244 Si enuoyray des beſtes furieuſes

1275 5082 2633 257 Les dents agues, & le venin minant

1279 5278 2719 236 Des animaux, leſquels ſe vont trainant

1287 5457 2719 277 Par le pouſſier, beſtes treſdangereuſes.

1295 5644 2727 294 Glaiue trẽchant qui dehors riẽ ne laiſſe

1308 5856 2575 391 Les desfera, & crainte en la maiſon:

3955 6066 91 208 Le
