4267 7830
748 504 262 218 16

1615 504 1537 244 CHANSONS

725 3569 261 430 P

761 756 3340 240 Vers noſtre Dieu, laiſſans œuure meſchãte

740 996 3174 230 Diſons-luy tous en vraye & ferme foy,

748 1209 3349 248 O Seigneur Dieu, rien n’auons que de toy.

892 1422 3126 248 Offrõs à Dieu, qui tãt nous eſt propice,

744 1648 2948 226 De noſtre cœur vn plaiſant ſacrifice:

740 1848 3230 240 Allõs vers luy d’vn vray cœur & parfait,

744 2070 3353 252 En regardant les grãs biens qu’il nous fait.

931 2288 3083 230 Faiſons à Dieu de cœur humble priere,

735 2488 3301 261 Que par ſon Fils nous doint la foy entiere

722 2718 2957 253 Et que par luy nous ſoyons acquitez,

722 2940 2843 235 De tous nos maux, & nos iniquitez.

936 3149 3125 261 Chanſon ſur le chant, Qui veut ouyr

1737 3371 1367 243 le paſſe temps, &c.

1038 3569 2327 241 Riez, enfans, de cœur ioyeux

1038 3771 1203 241 Le doux Ieſus,

705 4010 2726 248 Ioignant les mains, leuant les yeux

705 4223 1215 218 Au ciel là ſus.

701 4441 2651 257 Pource qu’il veut qu’en le priant,

709 4663 2521 230 On ait le cœur humble & riant,

701 4876 1671 243 Ie dy de ioye ſainte:

696 5067 2408 266 Et comme il ſauue en charité,

696 5307 2012 226 Prié veut eſtre en verité,

696 5520 2020 226 Auec amour ſans feinte.

849 5733 2281 239 A Dieu le Pere vous dreſſez

705 5937 1354 244 Par Ieſus Chriſt,

705 6159 2438 265 Par qui il aide aux oppreſſez

687 6381 1533 257 De corps, d’eſprit.

696 6594 2735 287 Par luy ſeul, comme nous ſauons,

3544 6829 553 252 Accez
