4267 7533
2909 382 314 258 293

87 3289 154 433 I

94 577 3198 396 CANTIQVES

267 1000 2605 276 EXTRAITS DE L’E¬

963 1284 1372 210 SCRITVRE

1268 1485 641 218 ſaincte.

87 1946 3183 251 Cantique de Moyſe, Exod. 15. Sur le chant

351 2184 2395 218 du Pſeau.104. Sus, ſus, mon ame, &c.

117 2611 2956 238 Il rend louanges & graces à Dieu, de ce qu’il

205 2829 2839 242 auoit ſauué ſon peuple des mains de Pharao.

219 3232 2696 270 E chante Dieu, l’Eternel & le Fort,

196 3481 2906 235 Le To◊t puiſſant qui a rompu l’effort

96 3699 2965 222 Des enne◊is, iettant en mer profonde

83 3887 3128 231 Gẽs & cheuaux les plus braues du mõde.

142 4097 2877 230 Le Seigneur eſt ma force, mon ſalut,

83 4302 3145 230 Mon chãt, mes vers, ma matiere & mõ but,

79 4498 3057 239 C’eſt l’argument qui mon ſtyle renforce:

79 4703 3174 226 Bref, c’eſt mõ Dieu qui n’a pareil en force.

184 4921 2717 230 Voyla pourquoy ie le celebre tant:

87 5122 2927 230 Car Dieu il eſt de mes Peres, portant,

62 5314 3082 247 Le nom de preux, de rõpeur de batailles,

58 5524 3099 242 De guerroyeur, de frappeur de canailles.

171 5716 2818 243 Oyez, oyez, ſon nom c’eſt l’Eternel,

79 5913 2848 268 C’eſt Iehoua, nom grand & ſolennel,

71 6139 2588 280 De Pharao qui les cornes dreſſees
