4267 8022
811 410 352 245 126

1814 410 1373 227 CHANSONS

836 1437 421 535 Q

811 641 2069 241 Et ne tache à bien viure,

811 860 1659 254 Il n’aura ſon repos.

3107 869 932 276 Au nom, &c.

1565 1065 1930 245 Chanſon ſur le chant,

1841 1305 1329 232 Les Bourguignons.

1284 1484 2514 276 Vand i’ay bien à mon cas penſé,

1324 1711 2080 254 Vne choſe me reconforte:

851 1925 2359 249 Quand le corps ſera treſpaſſé

829 2152 2341 218 Mon ame ne ſera pas morte:

842 2348 2720 259 Car leur main n’eſt pas aſſez forte

833 2562 2203 241 De pouuoir ſi cruellement

833 2780 2448 232 Faire mourir tout d’vne ſorte

833 2985 2747 259 Le corps & l’ame enſemblement.

1034 3222 2599 236 Mes compagnons & bons amis,

842 3431 2800 245 Deuant que mourir, ie vous prie,

838 3645 2688 232 Ne craignez point les ennemis,

860 3859 2524 236 Qui ne peuuent qu’oſter la vie

838 4064 2880 250 Du poure corps, quoy qu’on en die:

851 4269 2631 245 Craignez celuy tant ſeulement,

869 4487 2310 245 Qui peut s’il en auoit enuie,

842 4701 2867 228 Mettre ame & corps à damnement.

1016 4915 2564 254 Mais en crainte ne ſoyons tant,

864 5134 2515 240 Que n’ayons en luy eſperance:

838 5330 2693 249 Digne n’eſt d’eſtre bien content

864 5544 2323 254 Qui n’a mis en luy ſa fiance:

842 5744 2087 250 Il a fait à nous alliance,

856 5967 2389 254 Que la foy viue entretiendra:

847 6181 2581 249 Demandons luy en aſſeurance,

842 6381 2457 348 Et ſa promeſſe il nous tiendra.

3607 6571 352 368 Chan¬
