4267 7638
802 509 1499 229 CANTIOVES.

331 751 2912 237 Auec tes Saincts en la gloire immortelle.

568 1162 2508 246 Cantique ſur le chant, Aduienne¬

1150 1387 1202 216 qui pourra venir.

585 1731 2159 280 Duienne ce qu’à Dieu plaira

585 1973 2567 248 Puis que Ieſus eſt mort pour moy:

288 2172 1949 238 l'eſpere en luy, qu’il me fera

288 2384 2119 221 Viure & mourir en ferme foy.

492 2584 2853 271 C’eſt mon seigneur, & mõ vray Roy,

284 2779 2038 238 Qui de ſon ſang m’a racheté:

271 2995 1924 217 Et m’a du tout acquis à ſoy,

271 3182 1987 229 Pour luy ſeruir en ſaincteté.

356 3390 2042 225 Par mon peché ord & infect

267 3581 1698 229 l’eſtoye en malediction:

246 3789 1966 203 Satan m’auoit rendu ſubiect

246 3988 1592 225 A ſa maudite affection.

458 4205 2025 212 Mais par la mort & paſsion

233 4391 2581 246 De leſus Chriſt, mon vray Seigneur,

233 4604 1800 216 le ſuis hors de damnation,

229 4803 2360 221 Et ſuis remply de tout bon-heur.

258 5011 2607 233 O mon Dieu mon ſouuerain bien,

237 5202 2144 229 Ton propre Fils tu m’as donné:

220 5401 2234 255 De ton bon gré tu l’asfait mien,

208 5609 2131 242 Et par luy m’as tout pardonné.

407 5813 2123 204 Pour moy tu l’as abandonné

203 6021 2157 220 A mourir comme vn criminel

208 6212 1838 297 Par luy ta m’as enuironné,

299 1756 235 433 A

3095 564 271 267 315
