4267 8012
3068 738 281 321 173

712 694 1737 236 SPIRITVELLES

316 952 2302 245 Afin que ſans aucune crainte

222 1161 1817 236 De leur puiſſance retirez,

213 1370 2557 272 Nous te rendions louange ſaincte,

218 1584 1982 249 Eſtans hors de priſon tirez.

218 1802 2490 258 Au large s’il te plaiſt nous boute,

213 2020 2348 250 Nous qui ſouffrons dure priſon:

209 2243 2124 249 De ta pitié ne nous reboute,

213 2452 2022 263 Mais exauce noſtre oraiſon.

276 2670 2365 285 Donne nous pleine deliurance

200 2897 2272 263 De nos pourſuyuans ennemis:

213 3071 2277 320 Tu es noſtre ferme aſſeurance,

200 3311 2401 272 En toy ſeul noſtre eſpoir eſt mis,

200 3525 2338 289 Tous ceux qui en ta ſauuegarde

200 3738 1906 281 Se ſont mis en protection,

195 3948 2308 302 Ta bonté ſauue & contregarde

182 4179 2009 285 De mort & condemnation.

311 4379 2018 308 Tu as preſerué du deluge,

182 4584 2316 325 Noé dedans l’arche & les ſiens:

186 4773 1897 334 De Lot as eſté le refuge,

195 5025 2228 298 Sortant hors des Gomorriens.

182 5252 1764 271 Eſau par courroux & ire

173 5448 2165 302 Pourchaſſoit lacob à la mort,

178 5675 2454 311 Mais toutefois n’a peu luy nuire:

173 5875 1902 307 Car tu as eſté ſon ſupport.

249 6093 1866 312 A loſeph as eſté propice,

169 6307 1737 302 Tu l’as gardé & defendu

155 6520 2116 325 De ſes freres: qui par malice

155 6752 2317 343 Aux voyagers l’auoyent vendu.

1986 7068 370 280 m .i.
