4267 7559
1066 571 382 205 222

2070 596 1273 201 CHANSONS

1070 797 2142 261 En controuuant à ſon plaiſir

1091 999 1907 248 Des loix, & auſsi à choiſir

1083 1188 2440 302 Cela que luy ſembloit plus beau,

1083 1398 2058 248 Puis l’Euangile à ſon loiſir,

1077 1593 2074 265 A deſlogé de ſon chaſteau.

1285 1814 2339 277 Attendons noſtre Redempteur,

1083 2003 2129 260 Car c’eſt celuy qui donnera

1075 2192 2209 273 L’alarme à ce faux ſeducteur,

1087 2402 1966 264 Et de ſon glaiue deſtruira,

1079 2607 1856 257 Et par l’Eſprit de verité,

1083 2801 2012 268 Ce paillardeau ſi bien paré,

1054 3006 1869 244 La beſte & ſon autorité,

1041 3208 2138 256 Et tous ceux qui l’ont adoré.

1755 3519 1714 256 Chanſon ſur le chant,

1961 3750 1348 218 Verbum bonum, etc.

1468 3999 1859 252 R eſt le nom bien eſleué,

1468 4226 1733 265 Et le vitupere aggraué,

1049 4413 1857 273 Du Pape, qui auoit caué,

1054 4602 1423 265 Vne foſſe où fil y a

1196 4816 2142 290 Quand des ſiens le ſalut haſta,

1012 5014 1831 264 Force bulles il leur data,

1028 5228 1785 269 Et ſon purgatoire nata,

1020 5417 1726 269 Là où maine bail il y a.

1234 5623 2083 273 Il a baſti pluſieurs gros nids:

1020 5824 2083 281 Les vns de pies bien garnis,

1016 6034 2398 269 Les autres de moineaux fournis,

1028 6219 1903 290 Chantans leur briborion.

989 4006 565 460 O

3607 6504 345 202 Mais
