4267 8022
780 427 339 259 128

1649 432 1628 236 CHANSONS

784 668 1877 258 Ains de Paradis le ietta

784 882 2399 263 Diſant ce mot, qui le conſole,

802 1096 2657 267 Miats que par foy à luy s’accorde,

789 1301 2122 245 Qu’il obtiendra remiſſion

784 1515 1967 236 De ſon iniquité ſi orde:

784 1733 2007 250 Lors eſpera redemption.

976 1943 2488 276 Le Seigneur Dieu conſiderant

784 2148 1886 254 La calamité de nature.

789 2370 2024 228 Souuent a eſté declarant

784 2593 2689 236 Aux hommes qu’il en auoit cure:

807 2789 3014 299 Quand par les grand’s eaux du deluge

815 3003 2511 263 Voulut tout noyer pleinement

780 3213 1988 240 Il ſauua & mit en refuge

784 3427 2189 223 Noe & les ſiens ſeurement.

972 3641 2171 240 A Abraham Dieu confera

775 3850 2729 281 Long temps apres promeſſe telle,

793 4064 2363 245 En diſant que croiſtre il fera

780 4265 2131 262 Sur les eſtoiles ſa ſequelle:

784 4483 2074 272 A lacob en fit la pareille,

771 4697 2256 267 En eſprit par foy le voyant,

780 4902 2514 276 Duquel produiroit vne eſtoile,

771 5120 2439 263 Donnant ſalut à tout croyant.

931 5334 2029 254 Moyſe de Dieu zelateur,

771 5544 2764 276 Ayant du haut Dieu cognoiſſance,

762 5766 2318 254 A eſté du tout contempteur

771 5945 2778 325 D’Egypte & de ſa grand puiſſance,

798 6176 2577 295 Voyant que lon faiſoit outrance

780 6395 2452 343 Au Seigneur Dieu & createur,

3700 6693 210 205 De
