4267 8012
3059 591 312 214 169

654 534 1840 244 SPIRITVELLES.

80 805 2583 254 En faiſant plaintes & grand bruit:

89 1019 2164 254 De grand’ douleur elle deſire

84 1241 2129 245 De n’auoir porté vn tel fruit.

169 1455 2565 231 A la chair & au monde enſemble

84 1664 2730 258 De ſouffrir torment bon ne ſemble,

84 1882 2419 263 Le corps friſſonne tout de peur,

84 2105 2775 249 Le cœur dans le ventre nous tremble,

84 2319 2539 262 Bref, nous ne ſentons que douleur.

173 2546 2441 240 Car la mort cruelle & horrible,

93 2755 2263 245 Enſemble le torment terrible,

89 2977 2124 258 Et le bourreau mal gratieux,

93 3195 2120 236 Auecques terreur incredible

93 3409 2356 236 Se preſentent deuant nos yeux.

200 3614 2557 236 Dont nous eſtans en telle preſſe,

97 3841 2495 236 O Dieu, nous crions de deſtreſſe,

89 4063 2454 241 Leuans au ciel les yeux vers toy:

106 4268 2303 249 Que ta bonté ne nous delaiſſe,

97 4486 2259 267 Au milieu de ce grand eſmoy.

200 4700 2650 276 Ne vueille donc, Dieu noſtre Sire,

93 4922 1911 245 Nous viſiter ſelon ton ire,

93 5149 2289 254 En donnant par ton iugement

93 5359 1995 262 A l’aduerſaire dequoy rire,

102 5577 2334 231 Voyant noſtre trebuſchement.

182 5795 2436 231 Mais de ton cher Fils en la face

93 6013 2178 267 Regarde nous & par ta grace

89 6231 2574 236 Tous les pechez qu’auons commis

80 6436 2115 258 Pardonne nous, & les efface,

106 6658 2659 299 Qu'ils ne nous ſoyent en conte mis.
