4267 7331
1100 224 314 207 304

1271 458 2788 238 Seigneur, Seigneur, quand de Seir iſſou,

1079 639 2837 228 Et quand d’Edom les plaines trauerſois,

1084 843 2746 219 Toute de peur la terre en fut eſmeuë,

1075 1046 2727 216 Et du haut ciel degoutta mainte nue,

1051 1215 2995 263 Grãs eaux des mõs decouloyẽt, meſmené

1063 1441 2535 196 Du mont Sina, à ton aduenement

1108 1637 2727 216 Tous eſtonnez furent, & ſans defenſe,

1063 1832 2747 228 Sentans du Dieu d’Iſrael la preſence.

1251 2036 2722 236 Lors que Samgar, le fils d’Anath, viuoit

1071 2244 2755 220 Lors que Iael gens aux villes n’auoit,

1079 2447 2760 216 Toutes eſtoyent leurs voyes deſolees:

1096 2639 2869 236 Voire ſans voir eſtoyent mons & vallees.

1267 2846 2612 228 Ces poures gens diſperſez & errans,

1104 3046 2596 216 Par chemins tords s’alloyent rouse

1120 3233 2792 241 Tant que ſubuin à leur angoiſſecfnere,

1116 3445 2759 224 Moy Debora, moy Debora leſſt mere.

1092 3645 2926 240 Si toſt qu’eſleus ils auoyẽt n uueaux dieun

1084 3848 2763 228 Les ennemis ils auoyent à leurs yeux:

1075 4040 2914 232 Soudain l’alarme on ſonnoit à leur porte

1096 4251 2942 229 N’ayans aucun qui leur tinſt la main forte,

1271 4451 2743 224 Au nombre grand de quarante milliers

1084 4655 2946 236 De peur tremblans, tappis en leurs clapiers

1137 4846 2592 228 Vn ſeul, helas, qui euſt eſcu ne lance

1108 5050 2694 224 N’y fut trouué, pour faire reſiſtance.

1316 5266 2616 215 Lors au deſſus ie remy vos honneurs:

1132 5465 2890 216 Certes mon cœur eſt en tes gouuerneurs,

1141 5653 2608 224 OIſrael, & en ceux qu’aux affaires

1128 5864 2894 257 I’ay eſprouuez treſprompts & volontaires

1907 195 1536 236 CANTIQVES.

3851 6109 189 256 le.
