4267 8012
3198 681 302 249 107

752 676 1773 232 SPIRITVELLES.

273 3057 174 441 S

262 912 2842 285 L’ire de Dieu à mes yeux ſe preſente,

276 1139 2913 254 Voulant deſia ſur mon chef ſe lancer.

391 1366 3127 249 Ha ma poure ame, ou dois-tu te ranger,

267 1566 2561 254 Pour euiter ceſt horrible danger?

276 1784 2596 272 Que feras-tu? qui ſera ton refuge?

271 1989 3269 272 Prẽ cœur, prẽ cœur, ia craindre ne te faut:

280 2203 3158 276 Regarde Chriſt, qui ſe monſtre d’enhaut

289 2430 2913 254 Ton aduocat, & ton frere, & ton iuge.

538 2621 2606 290 Chanſon ſur le chant, Si de bon

948 2884 1479 218 cœur vous aime, &c.

460 3037 1930 254 I de bon cœur ne t’aime,

474 3271 2357 301 Mon Seigneur, i’ay grand tort:

271 3507 1938 231 Tu t’es donné toy-meſme

267 3734 1897 214 Pour me garder de mort:

280 3943 1314 227 Satan m’auoit tué,

280 4148 1145 227 Tu m’as reſtitué

271 4370 1639 232 Par ton ſang precieux:

280 4580 1724 240 Qui ces choſes oublie,

271 4793 1363 245 Il eſt trop vicieux.

396 5007 2142 249 Cerchons de Dieu la grace

289 5221 1991 236 Tous d’vn cœur pur & net,

289 5430 1563 249 Qui les pechez efface

271 5630 1795 281 Du vray croyant parfait.

285 5848 1354 254 Cela n’oubliez pas

271 6057 1862 272 luſqu’au iour du treſpas:

280 6262 1581 276 En luy ſeul eſperons,

276 6476 1465 236 En fin de noſtre vie

271 6690 1577 293 Par luy ſauuez ſerons.
