4267 7559
739 403 1549 231 CANTIOVES.

251 655 2743 256 Soyons vnis, par ton fils Ieſus Chriſt,

251 860 1710 231 Qui eſt noſtre victoire:

478 1070 2848 286 Afin que tous par vraye & viue foy,

251 1268 2609 273 Te cognoiſſans, ſoyent alliez à toy,

243 1490 1592 231 Pour ſeruir à ta gloire.

424 1881 2788 285 Cantique ſur le chant du Pſeaume.

739 2124 1944 236 neufieme, De tout mon cœur.

1091 2339 1097 218 t'exalteray, etc.

491 2714 2219 284 Proche-toy de mon ſouſpir,

491 2929 2710 296 O Seigneur Dieu, tout mon deſir;

222 3153 2549 261 Tu vois mon cœur en ta preſence,

235 3372 2255 235 Qui te requiert vne audience.

293 3565 2655 252 Bien ie voudrois viure en faiſant

218 3771 2259 260 Tout ce qui eſt à toy plaiſant:

209 3981 2726 264 Mais, làs, comment pourray-ie faire

218 4191 2100 243 Ta volonté & te complaire?

314 4413 2772 248 Comment pourray-ie abandonner

205 4606 2583 256 Moy-meſme, & à toy m’addonner?

205 4812 2869 269 Par quel moyen pourray-ie atteindre

197 5039 2276 231 Ate ſeruir, aimer & craindre?

293 5228 2499 256 Deliure-moy d’empeſchement,

193 5446 2520 248 Pour te ſeruir tout franchement:

193 5639 2322 261 Deliure-moy & me deſcharge

188 5862 2718 269 De tout peché qui tant, me charge,

302 6068 2432 260 Engarde-moy de rien penſer,

184 6265 2642 294 Mon Dieu, qui ſoit pour t’offenſel:

233 2670 220 498 A

3100 447 347 271 369

2209 6534 520 252 A. iij.
