<?xml version="1.0" encoding="UTF-8"?>
<alto xmlns:xsi="http://www.w3.org/2001/XMLSchema-instance"
      xmlns="http://www.loc.gov/standards/alto/ns-v4#"
      xsi:schemaLocation="http://www.loc.gov/standards/alto/ns-v4# http://www.loc.gov/standards/alto/v4/alto-4-2.xsd">
  <Description>
    <MeasurementUnit>pixel</MeasurementUnit>
    <sourceImageInformation>
      <fileName>CRRS02_Chansons_spirituelles.pdf_page_78.png</fileName>
      <fileIdentifier>pdf//CRRS02_Chansons_spirituelles.pdf</fileIdentifier>
    </sourceImageInformation>
  </Description>
  <Tags>
    <OtherTag ID="BT7" LABEL="CustomZone" DESCRIPTION="block type CustomZone"/><OtherTag ID="BT8" LABEL="DamageZone" DESCRIPTION="block type DamageZone"/><OtherTag ID="BT9" LABEL="DigitizationArtefactZone" DESCRIPTION="block type DigitizationArtefactZone"/><OtherTag ID="BT10" LABEL="DropCapitalZone" DESCRIPTION="block type DropCapitalZone"/><OtherTag ID="BT11" LABEL="GraphicZone" DESCRIPTION="block type GraphicZone"/><OtherTag ID="BT12" LABEL="MainZone" DESCRIPTION="block type MainZone"/><OtherTag ID="BT13" LABEL="MarginTextZone" DESCRIPTION="block type MarginTextZone"/><OtherTag ID="BT14" LABEL="MusicZone" DESCRIPTION="block type MusicZone"/><OtherTag ID="BT15" LABEL="NumberingZone" DESCRIPTION="block type NumberingZone"/><OtherTag ID="BT17" LABEL="QuireMarksZone" DESCRIPTION="block type QuireMarksZone"/><OtherTag ID="BT18" LABEL="RunningTitleZone" DESCRIPTION="block type RunningTitleZone"/><OtherTag ID="BT19" LABEL="SealZone" DESCRIPTION="block type SealZone"/><OtherTag ID="BT20" LABEL="StampZone" DESCRIPTION="block type StampZone"/><OtherTag ID="BT21" LABEL="TableZone" DESCRIPTION="block type TableZone"/><OtherTag ID="BT22" LABEL="TitlePageZone" DESCRIPTION="block type TitlePageZone"/>
    <OtherTag ID="LT7" LABEL="CustomLine" DESCRIPTION="line type CustomLine"/><OtherTag ID="LT8" LABEL="DefaultLine" DESCRIPTION="line type DefaultLine"/><OtherTag ID="LT9" LABEL="DropCapitalLine" DESCRIPTION="line type DropCapitalLine"/><OtherTag ID="LT10" LABEL="HeadingLine" DESCRIPTION="line type HeadingLine"/><OtherTag ID="LT11" LABEL="InterlinearLine" DESCRIPTION="line type InterlinearLine"/><OtherTag ID="LT12" LABEL="MusicLine" DESCRIPTION="line type MusicLine"/><OtherTag ID="LT1330" LABEL="default" DESCRIPTION="line type default"/>
  </Tags>
  <Layout>
    <Page WIDTH="4267"
          HEIGHT="7849"
          PHYSICAL_IMG_NR="77"
          ID="eSc_dummypage_">
      <PrintSpace HPOS="0"
                  VPOS="0"
                  WIDTH="4267"
                  HEIGHT="7849">
        <TextBlock HPOS="862"
                   VPOS="462"
                   WIDTH="381"
                   HEIGHT="236"
                   ID="eSc_textblock_99a975ef"
                   TAGREFS="BT15">
          <Shape><Polygon POINTS="862 462 862 698 1243 698 1243 462"/></Shape>
          <TextLine ID="eSc_line_b15d8961"
                    TAGREFS="LT8"
                    BASELINE="968 614 1195 606" 
                    HPOS="959"
                    VPOS="470"
                    WIDTH="236"
                    HEIGHT="184">
            <Shape><Polygon POINTS="1047 475 1003 470 959 470 968 614 968 654 1191 627 1195 606 1186 488 1047 475 1047 475"/></Shape>
            <String CONTENT="70"
                    HPOS="959"
                    VPOS="470"
                    WIDTH="236"
                    HEIGHT="184"
                    WC="0.9976389110088348"></String>
          </TextLine>
        </TextBlock>
        <TextBlock HPOS="1732"
                   VPOS="435"
                   WIDTH="1776"
                   HEIGHT="353"
                   ID="eSc_textblock_703ee9e8"
                   TAGREFS="BT18">
          <Shape><Polygon POINTS="1777 435 1732 688 3508 788 3508 435"/></Shape>
          <TextLine ID="eSc_line_ddb5a6c0"
                    TAGREFS="LT10"
                    BASELINE="1897 636 3407 671" 
                    HPOS="1893"
                    VPOS="497"
                    WIDTH="1623"
                    HEIGHT="218">
            <Shape><Polygon POINTS="1893 662 2098 693 2408 697 2412 697 2417 697 2460 675 2513 702 2517 702 2521 702 2722 684 2770 706 2774 706 2779 706 2783 706 2840 684 2923 710 2927 710 2931 715 3403 715 3516 671 3403 558 3285 562 3224 518 3219 518 3215 518 3211 518 3032 558 2949 518 2945 518 2940 518 2936 518 2870 553 2835 518 2835 514 2831 514 2827 514 2822 514 2818 514 2731 549 2661 505 2657 505 2652 505 2648 505 2495 540 2451 505 2451 501 2447 501 2443 501 2438 501 2434 501 2430 501 2369 545 2281 545 2212 505 2207 505 2203 505 2050 531 2006 497 2002 497 1998 497 1993 497 1897 497 1897 636"/></Shape>
            <String CONTENT="CHANSONS"
                    HPOS="1893"
                    VPOS="497"
                    WIDTH="1623"
                    HEIGHT="218"
                    WC="0.9993935823440552"></String>
          </TextLine>
        </TextBlock>
        <TextBlock HPOS="700"
                   VPOS="634"
                   WIDTH="3415"
                   HEIGHT="5916"
                   ID="eSc_textblock_32f745ee"
                   TAGREFS="BT12">
          <Shape><Polygon POINTS="826 634 700 6550 4024 6541 4115 806"/></Shape>
          <TextLine ID="eSc_line_769c2978"
                    TAGREFS="LT8"
                    BASELINE="942 859 3787 941" 
                    HPOS="938"
                    VPOS="702"
                    WIDTH="2849"
                    HEIGHT="292">
            <Shape><Polygon POINTS="3778 832 3734 819 3699 806 3472 771 3468 771 3464 771 3350 811 3219 806 3171 763 3167 763 3163 763 3080 763 3075 763 3071 763 3067 763 3067 767 3027 797 2591 793 2491 784 2443 741 2438 741 2434 741 2430 741 2425 741 2321 780 2216 780 2146 732 2142 732 2137 732 2133 732 1906 767 1836 732 1832 732 1828 732 1540 758 1391 710 1387 710 1383 710 1378 710 1234 750 1143 750 1099 706 1099 702 1095 702 1090 702 942 702 942 859 938 893 1108 924 1112 924 1116 924 1191 906 3778 994 3787 941 3787 837 3778 832"/></Shape>
            <String CONTENT="Sans faire tort à nul, mais iuſtement:"
                    HPOS="938"
                    VPOS="702"
                    WIDTH="2849"
                    HEIGHT="292"
                    WC="0.9880366126696268"></String>
          </TextLine>
          <TextLine ID="eSc_line_9ccb74c4"
                    TAGREFS="LT8"
                    BASELINE="946 1059 3756 1138" 
                    HPOS="942"
                    VPOS="906"
                    WIDTH="2814"
                    HEIGHT="306">
            <Shape><Polygon POINTS="946 1059 942 1094 1151 1129 1156 1129 1361 1111 1417 1146 1422 1146 1426 1146 1431 1146 1653 1120 1714 1164 1719 1164 1723 1164 1727 1168 1819 1168 1819 1164 1823 1164 1828 1164 1876 1125 1928 1155 1932 1155 1937 1155 1941 1155 2006 1138 2194 1177 2395 1181 2399 1181 2404 1181 2504 1142 2526 1164 2530 1164 2534 1164 2539 1164 2543 1164 2600 1146 2626 1172 2630 1172 2635 1172 2639 1172 2792 1159 2827 1181 2831 1181 2835 1181 2840 1181 3128 1164 3280 1207 3285 1207 3289 1212 3420 1212 3420 1207 3424 1207 3429 1207 3468 1177 3673 1207 3677 1207 3682 1207 3752 1172 3756 1138 3756 1024 3385 1016 3294 968 3289 968 3285 968 2979 1002 2670 950 2665 950 2364 985 1924 976 1841 937 1836 937 1832 937 1828 937 1775 963 1714 924 1710 924 1705 924 1701 924 1697 924 1596 950 1566 924 1566 920 1561 920 1557 920 1553 920 1422 941 1387 915 1383 915 1378 915 1374 915 1164 941 1116 906 1112 906 1108 906 999 906 994 906 990 906 986 906 946 928 946 1059"/></Shape>
            <String CONTENT="Car le Seigneur peut denier ſa grace"
                    HPOS="942"
                    VPOS="906"
                    WIDTH="2814"
                    HEIGHT="306"
                    WC="0.9824338191085391"></String>
          </TextLine>
          <TextLine ID="eSc_line_55fcca2c"
                    TAGREFS="LT8"
                    BASELINE="920 1264 3848 1338" 
                    HPOS="916"
                    VPOS="1116"
                    WIDTH="2932"
                    HEIGHT="288">
            <Shape><Polygon POINTS="920 1264 916 1308 1125 1316 1169 1347 1173 1347 1178 1347 1182 1347 1500 1329 1605 1360 1609 1360 1614 1360 1998 1343 2124 1373 2129 1373 2133 1373 2260 1351 2491 1382 2495 1382 2630 1356 2766 1356 2831 1391 2835 1391 2840 1391 2844 1391 2958 1364 3171 1399 3176 1399 3320 1373 3477 1404 3481 1404 3843 1395 3848 1338 3848 1238 3616 1229 3568 1186 3568 1181 3564 1181 3560 1181 3555 1181 3551 1181 3468 1216 3429 1181 3424 1181 3420 1181 3416 1181 3411 1181 3328 1216 3228 1186 3224 1186 3219 1186 3215 1186 3158 1212 3067 1168 3062 1168 2979 1168 2975 1168 2971 1168 2966 1168 2914 1207 2639 1207 2569 1155 2565 1155 2561 1155 2460 1151 2456 1151 2238 1181 2063 1142 2059 1142 2054 1142 2050 1142 1980 1186 1928 1138 1924 1138 1919 1138 1915 1138 1723 1177 1596 1133 1592 1133 1588 1133 1583 1133 1579 1133 1540 1164 1496 1129 1492 1129 1487 1129 1483 1129 1479 1129 1383 1159 1204 1138 1199 1138 1195 1138 1134 1164 1073 1116 1068 1116 1064 1116 1003 1116 999 1116 994 1116 990 1116 920 1151 920 1264"/></Shape>
            <String CONTENT="A qui luy plaiſt, auſſi monſtrer ſa face."
                    HPOS="916"
                    VPOS="1116"
                    WIDTH="2932"
                    HEIGHT="288"
                    WC="0.9597278746162973"></String>
          </TextLine>
          <TextLine ID="eSc_line_c3b6f929"
                    TAGREFS="LT8"
                    BASELINE="1095 1482 3913 1543" 
                    HPOS="1090"
                    VPOS="1338"
                    WIDTH="2823"
                    HEIGHT="266">
            <Shape><Polygon POINTS="3904 1434 3630 1434 3503 1386 3499 1386 3494 1386 2918 1417 2770 1417 2700 1373 2696 1373 2691 1373 2687 1373 2504 1408 2198 1377 2194 1377 2190 1377 2185 1377 2164 1395 2120 1364 2116 1364 2111 1364 2107 1364 1963 1395 1889 1351 1884 1351 1880 1351 1876 1351 1871 1351 1801 1382 1465 1360 1461 1360 1457 1360 1413 1382 1095 1338 1095 1482 1090 1530 3904 1604 3913 1543 3913 1469 3904 1434"/></Shape>
            <String CONTENT="Les reprouuez point ne conſiſteront"
                    HPOS="1090"
                    VPOS="1338"
                    WIDTH="2823"
                    HEIGHT="266"
                    WC="0.9964801924569267"></String>
          </TextLine>
          <TextLine ID="eSc_line_7f120964"
                    TAGREFS="LT8"
                    BASELINE="911 1670 3926 1757" 
                    HPOS="907"
                    VPOS="1513"
                    WIDTH="3019"
                    HEIGHT="296">
            <Shape><Polygon POINTS="911 1670 907 1704 1073 1739 1077 1739 1208 1718 1513 1752 1518 1752 1636 1731 1815 1761 1819 1761 1954 1739 2094 1739 2124 1770 2129 1770 2133 1770 2137 1770 2264 1748 2430 1779 2434 1779 2438 1779 2508 1757 2609 1783 2613 1783 2617 1783 2844 1766 3027 1796 3032 1796 3272 1779 3355 1805 3359 1805 3363 1809 3922 1809 3926 1757 3917 1622 3625 1630 3486 1600 3481 1600 3477 1600 3424 1622 3350 1591 3346 1591 3342 1591 3176 1617 3080 1574 3075 1574 2709 1561 2705 1561 2700 1561 2617 1600 2303 1595 2246 1547 2242 1547 2238 1547 2233 1547 2229 1547 2102 1582 1928 1543 1924 1543 1919 1543 1854 1578 1714 1578 1675 1543 1675 1539 1671 1539 1666 1539 1662 1539 1657 1539 1566 1569 1483 1526 1479 1526 1474 1526 1125 1547 1068 1513 1064 1513 1060 1513 1055 1513 1051 1513 911 1547 911 1670"/></Shape>
            <String CONTENT="Auec les bons n’au conſeil des croyans:"
                    HPOS="907"
                    VPOS="1513"
                    WIDTH="3019"
                    HEIGHT="296"
                    WC="0.9814659250088227"></String>
          </TextLine>
          <TextLine ID="eSc_line_5a615ee5"
                    TAGREFS="LT8"
                    BASELINE="907 1875 4031 1966" 
                    HPOS="903"
                    VPOS="1726"
                    WIDTH="3128"
                    HEIGHT="306">
            <Shape><Polygon POINTS="907 1875 903 1909 1125 1940 1130 1940 1505 1936 1570 1962 1575 1962 1579 1962 1784 1944 1945 1975 1950 1975 2229 1957 2303 1984 2308 1984 2312 1984 2521 1970 2534 1988 2539 1988 2539 1992 2543 1992 2547 1992 2552 1992 3163 1984 3285 2014 3289 2014 3294 2014 3298 2014 3350 1988 3686 2018 3691 2018 3865 2001 4022 2032 4031 1966 4031 1827 3909 1813 3904 1813 3900 1813 3896 1813 3865 1835 3704 1805 3699 1805 3695 1805 3691 1805 3625 1844 3294 1840 3171 1792 3167 1792 3163 1792 3158 1792 3023 1827 2897 1783 2892 1783 2687 1774 2683 1774 2678 1774 2547 1813 1998 1800 1937 1770 1932 1770 1928 1770 1924 1770 1867 1792 1780 1766 1775 1766 1771 1766 1767 1766 1697 1787 1636 1766 1631 1766 1627 1766 1356 1779 1326 1752 1321 1752 1317 1752 1313 1752 1217 1766 1173 1731 1169 1731 1164 1731 907 1726 907 1875"/></Shape>
            <String CONTENT="Mais comme gens meſchans bannis ſerõt,"
                    HPOS="903"
                    VPOS="1726"
                    WIDTH="3128"
                    HEIGHT="306"
                    WC="0.9875791516059484"></String>
          </TextLine>
          <TextLine ID="eSc_line_556acdfa"
                    TAGREFS="LT8"
                    BASELINE="898 2079 3974 2167" 
                    HPOS="894"
                    VPOS="1931"
                    WIDTH="3080"
                    HEIGHT="297">
            <Shape><Polygon POINTS="898 2079 894 2114 2129 2180 2133 2180 2268 2158 2347 2184 2351 2184 2356 2184 2696 2171 2897 2202 2901 2202 3459 2193 3739 2223 3743 2223 3747 2223 3804 2202 3965 2228 3974 2167 3970 2058 3363 2001 3359 2001 3355 2001 3285 2036 3167 1997 3163 1997 3158 1997 2940 2027 2748 1984 2744 1984 2739 1984 2670 2018 2321 2014 2216 1970 2212 1970 2207 1970 2028 2001 1963 1962 1958 1962 1954 1962 1950 1962 1945 1962 1862 1992 1697 1992 1684 1970 1679 1970 1679 1966 1675 1966 1671 1966 1666 1966 1662 1966 1570 1988 1522 1949 1518 1949 1513 1949 1509 1949 1505 1949 1374 1984 1143 1979 1103 1944 1103 1940 1099 1940 1095 1940 898 1931 898 2079"/></Shape>
            <String CONTENT="Et tormentez comme chiens abbayans."
                    HPOS="894"
                    VPOS="1931"
                    WIDTH="3080"
                    HEIGHT="297"
                    WC="0.9959539328302656"></String>
          </TextLine>
          <TextLine ID="eSc_line_808d14ca"
                    TAGREFS="LT8"
                    BASELINE="898 2280 3987 2372" 
                    HPOS="894"
                    VPOS="2123"
                    WIDTH="3093"
                    HEIGHT="314">
            <Shape><Polygon POINTS="894 2315 981 2345 986 2345 990 2345 994 2345 999 2345 1025 2328 1047 2345 1051 2345 1055 2345 1060 2345 1265 2332 1365 2363 1369 2363 1374 2363 1378 2363 1426 2341 1483 2367 1487 2367 1492 2367 1876 2350 1915 2380 1919 2380 1924 2380 1928 2380 2037 2359 2216 2389 2220 2389 2556 2372 2818 2407 2822 2407 2827 2407 2918 2380 3171 2415 3176 2415 3180 2415 3250 2389 3390 2424 3394 2424 3398 2424 3403 2424 3507 2398 3979 2437 3987 2372 3983 2245 3900 2254 3852 2223 3848 2223 3843 2223 3839 2223 3712 2250 3621 2206 3616 2206 3455 2202 3451 2202 3446 2202 3442 2202 3416 2223 3381 2197 3376 2197 3372 2197 3368 2197 3363 2197 3267 2236 2883 2206 2879 2206 2705 2219 2661 2180 2661 2175 2657 2175 2652 2175 2373 2167 2369 2167 2194 2202 2081 2175 2076 2175 2072 2175 2068 2175 2011 2197 1649 2193 1579 2145 1575 2145 1570 2145 1566 2145 1378 2180 1321 2136 1317 2136 1313 2136 1308 2136 1082 2171 1029 2127 1025 2127 1020 2127 903 2123 898 2280 894 2315"/></Shape>
            <String CONTENT="Raiſon pourquoy? ils ſont tous deſuoyans"
                    HPOS="894"
                    VPOS="2123"
                    WIDTH="3093"
                    HEIGHT="314"
                    WC="0.9871832025356782"></String>
          </TextLine>
          <TextLine ID="eSc_line_69646789"
                    TAGREFS="LT8"
                    BASELINE="890 2485 3996 2577" 
                    HPOS="885"
                    VPOS="2332"
                    WIDTH="3111"
                    HEIGHT="310">
            <Shape><Polygon POINTS="890 2485 885 2520 938 2550 942 2550 946 2550 1090 2533 1134 2559 1138 2559 1143 2559 1147 2559 1308 2542 1570 2572 1575 2572 1749 2550 1793 2581 1797 2581 1801 2581 1806 2581 2316 2572 2382 2598 2386 2598 2390 2598 2395 2598 2499 2572 2534 2598 2539 2598 2543 2598 2547 2598 2792 2581 2857 2611 2862 2611 2866 2611 3342 2598 3394 2629 3398 2629 3403 2629 3407 2629 3787 2611 3987 2642 3996 2577 3996 2463 3712 2446 3673 2415 3669 2415 3664 2415 3660 2415 3455 2450 3363 2407 3359 2407 3355 2407 3189 2441 3097 2420 3093 2420 3088 2420 2678 2428 2521 2380 2517 2380 2513 2380 2508 2380 2417 2420 2133 2415 2081 2367 2076 2367 2072 2367 1967 2367 1963 2367 1958 2367 1954 2367 1910 2402 1797 2402 1749 2367 1745 2367 1740 2367 1736 2367 1732 2367 1727 2367 1692 2398 1640 2372 1636 2372 1631 2372 1627 2372 1531 2393 1356 2380 1317 2345 1313 2345 1308 2345 1304 2345 1138 2372 1103 2345 1103 2341 1099 2341 1095 2341 890 2332 890 2485"/></Shape>
            <String CONTENT="Du Seigneur Dieu, &amp; n’ont en luy fiance:"
                    HPOS="885"
                    VPOS="2332"
                    WIDTH="3111"
                    HEIGHT="310"
                    WC="0.9882503524422646"></String>
          </TextLine>
          <TextLine ID="eSc_line_5b05bd84"
                    TAGREFS="LT8"
                    BASELINE="894 2690 4018 2790" 
                    HPOS="890"
                    VPOS="2529"
                    WIDTH="3128"
                    HEIGHT="318">
            <Shape><Polygon POINTS="894 2690 890 2725 1160 2760 1164 2764 1967 2764 2129 2790 2133 2790 2382 2777 2526 2803 2530 2808 3324 2808 4009 2847 4018 2790 4018 2668 3800 2651 3765 2616 3765 2611 3760 2611 3756 2611 3752 2611 3747 2611 3630 2655 3551 2620 3547 2620 3542 2620 3538 2620 3424 2646 3302 2625 3298 2625 3080 2638 2927 2585 2923 2585 2534 2577 2530 2577 2526 2577 2521 2577 2469 2620 2412 2620 2255 2564 2251 2564 2024 2559 2020 2559 2015 2559 2011 2559 1954 2598 1862 2598 1671 2590 1596 2542 1592 2542 1588 2542 1583 2542 1579 2542 1452 2585 1143 2577 1086 2529 1082 2529 1077 2529 1073 2529 894 2537 894 2690"/></Shape>
            <String CONTENT="Mais en leurs faicts eſt fole outrecuidance."
                    HPOS="890"
                    VPOS="2529"
                    WIDTH="3128"
                    HEIGHT="318"
                    WC="0.9787756543267857"></String>
          </TextLine>
          <TextLine ID="eSc_line_03fb4747"
                    TAGREFS="LT8"
                    BASELINE="1082 2908 4022 2995" 
                    HPOS="1077"
                    VPOS="2742"
                    WIDTH="2945"
                    HEIGHT="314">
            <Shape><Polygon POINTS="1082 2908 1077 2939 1479 2952 1553 2982 1557 2982 1561 2982 1566 2982 1570 2982 1596 2960 1745 2960 1963 3000 1967 3000 2072 2978 2264 3008 2268 3008 2273 3008 2377 2982 2993 3030 2997 3030 3206 3008 3280 3039 3285 3039 3289 3039 3411 3013 3551 3043 3555 3043 3730 3021 4013 3056 4022 2995 4022 2869 3900 2869 3843 2821 3839 2821 3835 2821 3438 2808 3433 2808 3246 2843 2744 2834 2683 2786 2678 2786 2674 2786 2670 2786 2665 2786 2582 2821 2277 2821 2164 2808 2133 2777 2133 2773 2129 2773 2124 2773 2120 2773 2028 2790 1836 2760 1832 2760 1828 2760 1771 2790 1688 2755 1684 2755 1679 2755 1675 2755 1570 2786 1461 2751 1457 2751 1452 2751 1448 2751 1444 2751 1391 2790 1164 2742 1160 2742 1156 2742 1082 2773 1082 2908"/></Shape>
            <String CONTENT="Car le Seigneur conoit qui eſt des ſiens,"
                    HPOS="1077"
                    VPOS="2742"
                    WIDTH="2945"
                    HEIGHT="314"
                    WC="0.9883717342120845"></String>
          </TextLine>
          <TextLine ID="eSc_line_fa529fd4"
                    TAGREFS="LT8"
                    BASELINE="881 3095 2665 3161 3891 3178" 
                    HPOS="876"
                    VPOS="2943"
                    WIDTH="3015"
                    HEIGHT="301">
            <Shape><Polygon POINTS="881 3095 876 3139 1151 3178 1156 3178 1160 3178 1164 3178 1199 3152 1417 3183 1422 3183 1544 3165 1671 3196 1675 3196 2351 3213 2356 3213 2534 3191 2639 3222 2643 3222 2648 3222 2766 3200 2979 3231 2984 3231 3224 3213 3320 3244 3324 3244 3328 3244 3887 3231 3891 3178 3891 3030 3773 3056 3739 3026 3739 3021 3734 3021 3730 3021 3725 3021 3721 3021 3660 3039 3294 3013 3289 3013 3285 3013 3206 3048 3071 3004 3067 3004 3062 3004 3058 3004 3054 3004 3001 3039 2857 3039 2657 3013 2652 3013 2334 3021 2308 3000 2308 2995 2303 2995 2299 2995 2294 2995 2290 2995 2225 3017 1854 3013 1810 2969 1810 2965 1806 2965 1801 2965 1797 2965 1644 3000 1527 2956 1522 2956 1518 2956 1230 2991 1160 2960 1156 2960 881 2943 881 3095"/></Shape>
            <String CONTENT="Des iuſtes gens approuuant le chemin:"
                    HPOS="876"
                    VPOS="2943"
                    WIDTH="3015"
                    HEIGHT="301"
                    WC="0.9867092032690306"></String>
          </TextLine>
          <TextLine ID="eSc_line_6bbbdc27"
                    TAGREFS="LT8"
                    BASELINE="876 3300 3979 3396" 
                    HPOS="872"
                    VPOS="3148"
                    WIDTH="3107"
                    HEIGHT="323">
            <Shape><Polygon POINTS="876 3300 872 3344 1570 3366 1723 3405 1928 3409 1932 3409 1937 3409 1998 3383 2294 3423 2299 3423 2303 3423 2395 3401 2565 3431 2569 3431 2783 3409 2988 3444 2993 3444 3407 3427 3455 3457 3459 3457 3464 3457 3468 3457 3595 3436 3970 3471 3979 3396 3979 3270 3621 3231 3616 3231 3612 3231 3608 3231 3555 3270 3429 3270 3355 3222 3350 3222 3346 3222 3132 3213 3128 3213 2923 3248 2587 3244 2456 3196 2451 3196 2447 3196 2443 3196 2351 3231 2277 3187 2273 3187 2268 3187 2264 3187 2260 3187 2190 3213 2159 3187 2159 3183 2155 3183 2150 3183 2146 3183 2015 3200 1893 3178 1889 3178 1884 3178 1880 3178 1819 3218 1732 3218 1588 3165 1583 3165 1579 3165 1575 3165 1457 3200 1435 3178 1431 3178 1426 3178 1422 3178 1417 3178 1413 3178 1378 3200 1178 3200 1012 3148 1007 3148 1003 3148 876 3152 876 3300"/></Shape>
            <String CONTENT="Les meſcroyans ſont pires que les chiens,"
                    HPOS="872"
                    VPOS="3148"
                    WIDTH="3107"
                    HEIGHT="323"
                    WC="0.9785604084410319"></String>
          </TextLine>
          <TextLine ID="eSc_line_09bd220c"
                    TAGREFS="LT8"
                    BASELINE="868 3505 3298 3580" 
                    HPOS="863"
                    VPOS="3344"
                    WIDTH="2435"
                    HEIGHT="301">
            <Shape><Polygon POINTS="868 3505 863 3545 2726 3636 2731 3636 2735 3636 2792 3606 2905 3641 2910 3641 2914 3641 3158 3623 3211 3645 3215 3645 3219 3645 3224 3645 3294 3614 3298 3580 3298 3453 3102 3409 3097 3409 3093 3409 3014 3436 2849 3401 2844 3401 2840 3401 2731 3436 2386 3388 2382 3388 2094 3401 1937 3375 1932 3375 1732 3405 1588 3361 1583 3361 1579 3361 1304 3392 1160 3348 1156 3348 1151 3348 1147 3348 1143 3348 1086 3383 968 3344 964 3344 959 3344 868 3353 868 3505"/></Shape>
            <String CONTENT="Et leur chemin perira en la fin."
                    HPOS="863"
                    VPOS="3344"
                    WIDTH="2435"
                    HEIGHT="301"
                    WC="0.9866763558238745"></String>
          </TextLine>
          <TextLine ID="eSc_line_3df1f0cf"
                    TAGREFS="LT8"
                    BASELINE="863 3710 3708 3806" 
                    HPOS="859"
                    VPOS="3545"
                    WIDTH="2849"
                    HEIGHT="318">
            <Shape><Polygon POINTS="863 3710 859 3771 1505 3771 1793 3802 1797 3802 2124 3793 2164 3815 2168 3815 2172 3815 2177 3815 2181 3815 2233 3798 2312 3819 2316 3819 2321 3824 3019 3824 3054 3846 3058 3846 3062 3846 3067 3846 3176 3828 3206 3850 3211 3850 3215 3850 3699 3863 3708 3806 3708 3684 3608 3684 3547 3632 3542 3632 3538 3632 3459 3627 3455 3627 3451 3627 3333 3671 3202 3619 3198 3619 3193 3619 2814 3641 2700 3610 2696 3610 2691 3610 2687 3610 2609 3645 2517 3606 2513 3606 2508 3606 2504 3606 2425 3641 2063 3632 1828 3575 1823 3575 1679 3601 1570 3566 1566 3566 1561 3566 1387 3606 1230 3601 1169 3553 1164 3553 1160 3553 1156 3553 1151 3553 1082 3593 1012 3545 1007 3545 1003 3545 999 3545 863 3566 863 3710"/></Shape>
            <String CONTENT="Et leurs docteurs iront tous à declin,"
                    HPOS="859"
                    VPOS="3545"
                    WIDTH="2849"
                    HEIGHT="318"
                    WC="0.9844784874182481"></String>
          </TextLine>
          <TextLine ID="eSc_line_0500a5fd"
                    TAGREFS="LT8"
                    BASELINE="859 3915 3481 3998" 
                    HPOS="855"
                    VPOS="3758"
                    WIDTH="2626"
                    HEIGHT="301">
            <Shape><Polygon POINTS="859 3915 855 3950 1273 3994 1278 3994 1404 3972 1448 3998 1452 3998 1457 3998 1461 3998 1465 3998 1531 3976 1684 4007 1688 4007 1924 3989 1972 4011 1976 4011 2181 4020 2185 4020 2190 4020 2194 4020 2194 4016 2216 3998 2373 4029 2377 4029 2718 4020 2844 4042 2849 4042 2853 4042 2901 4020 2918 4042 2923 4042 2923 4046 2927 4046 2931 4046 2936 4046 3032 4024 3049 4046 3054 4046 3054 4050 3058 4050 3062 4050 3067 4050 3193 4029 3228 4055 3232 4055 3237 4055 3407 4059 3411 4059 3416 4059 3477 4033 3481 3998 3481 3885 3350 3837 3346 3837 3342 3837 3337 3837 3206 3876 3075 3876 2966 3828 2962 3828 2726 3819 2722 3819 2718 3819 2713 3819 2713 3824 2674 3854 2652 3837 2648 3837 2643 3837 2639 3837 2246 3846 2059 3841 1958 3793 1954 3793 1950 3793 1945 3793 1845 3832 1697 3832 1653 3793 1649 3793 1644 3793 1640 3793 1636 3793 1631 3793 1588 3824 1496 3793 1492 3793 1487 3793 1348 3815 1221 3771 1217 3771 1138 3767 1134 3767 1130 3767 1125 3767 1077 3798 1047 3771 1047 3767 1042 3767 1038 3767 859 3758 859 3915"/></Shape>
            <String CONTENT="Et ſeront mis à mort par la Parole"
                    HPOS="855"
                    VPOS="3758"
                    WIDTH="2626"
                    HEIGHT="301"
                    WC="0.9902616534914289"></String>
          </TextLine>
          <TextLine ID="eSc_line_6b478f01"
                    TAGREFS="LT8"
                    BASELINE="859 4120 2779 4194 3874 4212" 
                    HPOS="855"
                    VPOS="3950"
                    WIDTH="3019"
                    HEIGHT="340">
            <Shape><Polygon POINTS="855 4164 1103 4194 1108 4194 1112 4194 1160 4177 1243 4207 1247 4207 1252 4207 1256 4207 1308 4186 1579 4186 1640 4221 1644 4221 1649 4221 1653 4221 1758 4194 2155 4238 2159 4238 2338 4216 2696 4251 2700 4251 2705 4251 2748 4229 2774 4255 2779 4255 2783 4255 2949 4264 2953 4264 2958 4264 3041 4242 3298 4273 3302 4273 3424 4251 3499 4282 3503 4282 3507 4282 3656 4260 3747 4290 3752 4290 3756 4290 3760 4290 3869 4260 3874 4212 3869 4050 3760 4064 3573 4037 3568 4037 3564 4037 3490 4077 3342 4081 2565 4059 2373 4002 2369 4002 2364 4002 2360 4002 2356 4002 2286 4046 2177 4002 2172 4002 2168 4002 2164 4002 2107 4033 2028 3985 2024 3985 2020 3985 2015 3985 1836 4020 1749 3976 1745 3976 1740 3976 1496 4020 1391 3968 1387 3968 1383 3968 1378 3968 1282 4011 1234 3963 1234 3959 1230 3959 1225 3959 1221 3959 1217 3959 1108 3989 863 3950 859 4120 855 4164"/></Shape>
            <String CONTENT="De Ieſus Chriſt, qui le croyant conſole."
                    HPOS="855"
                    VPOS="3950"
                    WIDTH="3019"
                    HEIGHT="340"
                    WC="0.988492414355278"></String>
          </TextLine>
          <TextLine ID="eSc_line_ebe3ddb1"
                    TAGREFS="LT8"
                    BASELINE="1038 4334 3996 4434" 
                    HPOS="1034"
                    VPOS="4190"
                    WIDTH="2962"
                    HEIGHT="310">
            <Shape><Polygon POINTS="1038 4334 1034 4364 1086 4395 1090 4395 1095 4395 1099 4395 1147 4373 1191 4395 1195 4395 1199 4395 1531 4386 1644 4421 1649 4421 1653 4421 1801 4395 1854 4430 1858 4430 1862 4430 1867 4430 2290 4417 2835 4465 2840 4465 2984 4439 3259 4478 3263 4478 3459 4452 3987 4500 3996 4434 3996 4316 3625 4308 3490 4255 3486 4255 3481 4255 2979 4282 2849 4234 2844 4234 2840 4234 2835 4234 2722 4273 2652 4247 2648 4247 2643 4247 2639 4247 2587 4268 2207 4260 2076 4216 2072 4216 2068 4216 2063 4216 1998 4238 1919 4203 1915 4203 1910 4203 1906 4203 1784 4234 1553 4190 1038 4190 1038 4334"/></Shape>
            <String CONTENT="Mõ Dieu à toy ie ren gloire &amp; honneur,"
                    HPOS="1034"
                    VPOS="4190"
                    WIDTH="2962"
                    HEIGHT="310"
                    WC="0.9794574342668056"></String>
          </TextLine>
          <TextLine ID="eSc_line_eed6136d"
                    TAGREFS="LT8"
                    BASELINE="850 4530 3760 4626" 
                    HPOS="846"
                    VPOS="4369"
                    WIDTH="2914"
                    HEIGHT="318">
            <Shape><Polygon POINTS="850 4530 846 4569 981 4600 986 4600 1108 4582 1212 4604 1217 4604 1505 4596 1548 4617 1553 4617 1557 4622 2299 4622 3752 4687 3760 4626 3760 4517 3494 4452 3490 4452 3486 4452 3376 4478 3315 4452 3311 4452 3307 4452 3171 4460 3167 4460 3106 4491 2700 4482 2447 4473 2373 4417 2369 4417 2364 4417 2360 4417 2356 4417 2260 4460 1906 4399 1902 4399 1675 4421 1422 4386 1417 4386 1413 4386 1339 4425 1252 4377 1247 4377 1121 4377 1116 4377 1112 4377 1108 4377 1038 4421 951 4369 946 4369 942 4369 938 4369 933 4369 850 4412 850 4530"/></Shape>
            <String CONTENT="A Chriſt auſſi ton bien-aimé Enfant,"
                    HPOS="846"
                    VPOS="4369"
                    WIDTH="2914"
                    HEIGHT="318"
                    WC="0.9889794720543755"></String>
          </TextLine>
          <TextLine ID="eSc_line_ae7ca211"
                    TAGREFS="LT8"
                    BASELINE="837 4739 3987 4840" 
                    HPOS="833"
                    VPOS="4591"
                    WIDTH="3154"
                    HEIGHT="310">
            <Shape><Polygon POINTS="833 4774 1108 4822 1112 4822 1295 4796 1561 4835 1566 4835 1570 4835 1657 4805 2072 4840 2076 4840 2198 4822 2273 4853 2277 4853 2281 4853 2404 4835 2478 4862 2482 4862 2486 4862 2491 4862 2552 4840 2648 4870 2652 4870 2657 4870 2753 4853 3041 4883 3045 4883 3049 4883 3145 4853 3211 4888 3215 4888 3979 4901 3987 4840 3987 4713 3712 4678 3708 4678 3704 4678 3699 4678 3673 4700 3390 4696 3171 4652 3167 4652 2901 4678 2761 4639 2757 4639 2753 4639 2748 4639 2696 4661 2630 4635 2626 4635 2351 4626 2347 4626 2238 4648 2207 4622 2203 4622 2198 4622 2194 4622 1963 4643 1924 4613 1919 4613 1915 4613 1910 4613 1666 4639 1575 4617 1570 4617 1566 4617 1470 4630 1391 4596 1387 4596 1383 4596 1378 4596 1252 4626 842 4591 837 4739 833 4774"/></Shape>
            <String CONTENT="Lequel pour vray eſt fait mon Moyenneur."
                    HPOS="833"
                    VPOS="4591"
                    WIDTH="3154"
                    HEIGHT="310"
                    WC="0.9864751115441323"></String>
          </TextLine>
          <TextLine ID="eSc_line_f276eaf5"
                    TAGREFS="LT8"
                    BASELINE="828 4944 2827 5014 3560 5018" 
                    HPOS="824"
                    VPOS="4796"
                    WIDTH="2736"
                    HEIGHT="301">
            <Shape><Polygon POINTS="828 4883 828 4944 824 5001 1273 5001 1335 5032 1339 5032 1343 5032 1348 5032 1413 5005 1889 5014 1937 5049 1941 5049 1945 5049 2338 5062 2342 5062 2347 5062 2399 5040 2600 5071 2604 5071 2609 5071 2687 5049 3006 5084 3010 5084 3372 5075 3411 5097 3416 5097 3420 5097 3424 5097 3555 5075 3560 5018 3555 4914 3294 4909 3150 4853 3145 4853 3141 4853 2779 4888 2735 4844 2735 4840 2731 4840 2726 4840 2722 4840 2482 4879 2460 4853 2456 4853 2456 4848 2451 4848 2447 4848 2316 4827 2312 4827 2308 4827 2233 4848 2168 4827 2164 4827 2159 4827 2155 4827 2076 4866 2033 4822 2033 4818 2028 4818 2024 4818 2020 4818 1867 4853 1758 4809 1753 4809 1749 4809 1561 4848 1400 4800 1396 4800 1391 4800 1173 4805 1169 4805 1164 4805 1121 4831 1029 4796 1025 4796 1020 4796 1016 4796 1012 4796 1012 4800 972 4831 846 4831 828 4883"/></Shape>
            <String CONTENT="Et me rendra en la fin triomphant."
                    HPOS="824"
                    VPOS="4796"
                    WIDTH="2736"
                    HEIGHT="301"
                    WC="0.9875095434048596"></String>
          </TextLine>
          <TextLine ID="eSc_line_c52c0203"
                    TAGREFS="LT8"
                    BASELINE="855 5149 3132 5228 3979 5237" 
                    HPOS="850"
                    VPOS="4979"
                    WIDTH="3129"
                    HEIGHT="323">
            <Shape><Polygon POINTS="855 5149 850 5189 955 5219 959 5219 964 5219 968 5219 1042 5197 1112 5228 1116 5228 1121 5228 1348 5206 1601 5215 1627 5241 1627 5245 1631 5245 1636 5245 1640 5245 1644 5245 1745 5219 2181 5263 2356 5267 2360 5267 2364 5267 2412 5241 2447 5271 2451 5271 2456 5271 2460 5271 2731 5250 3010 5289 3014 5289 3246 5271 3424 5302 3429 5302 3638 5280 3970 5298 3979 5237 3979 5080 3651 5062 3647 5062 3643 5062 3638 5062 3595 5097 3455 5097 3403 5058 3398 5058 3394 5058 3390 5058 3385 5058 3324 5084 3259 5049 3254 5049 3250 5049 3246 5049 3180 5084 3019 5084 2945 5053 2940 5053 2936 5053 2761 5062 2543 5032 2539 5032 2534 5032 2443 5053 2364 5027 2360 5027 2356 5027 2238 5053 2177 5014 2172 5014 2168 5014 2164 5014 2159 5014 2085 5049 1897 5018 1893 5018 1889 5018 1810 5040 1500 5036 1217 4984 1212 4984 1208 4984 1130 5018 994 4979 990 4979 986 4979 855 5010 855 5149"/></Shape>
            <String CONTENT="C’eſt Dieu tout ſeul qui du mal me defend"
                    HPOS="850"
                    VPOS="4979"
                    WIDTH="3129"
                    HEIGHT="323"
                    WC="0.9982691305439647"></String>
          </TextLine>
          <TextLine ID="eSc_line_7b83d1e1"
                    TAGREFS="LT8"
                    BASELINE="859 5354 2870 5428 3817 5433" 
                    HPOS="859"
                    VPOS="5189"
                    WIDTH="2958"
                    HEIGHT="318">
            <Shape><Polygon POINTS="859 5354 859 5398 1073 5398 1134 5433 1138 5433 1143 5433 1147 5433 1151 5433 1273 5402 1500 5433 1505 5433 1692 5415 1810 5459 1815 5459 1819 5459 2033 5441 2068 5468 2068 5472 2072 5472 2076 5472 2408 5485 2412 5485 2652 5455 2705 5489 2709 5489 2713 5489 2718 5489 2722 5489 2805 5468 2831 5489 2831 5494 2835 5494 2840 5494 2844 5494 3032 5459 3145 5507 3150 5507 3154 5507 3158 5507 3228 5481 3407 5507 3411 5507 3813 5476 3817 5433 3813 5319 3739 5319 3682 5271 3677 5271 3673 5271 3669 5271 3311 5302 3276 5276 3272 5276 3267 5276 3263 5276 3259 5276 3167 5298 3110 5258 3106 5258 3102 5258 3097 5258 3093 5258 2979 5293 2940 5258 2936 5258 2931 5258 2927 5258 2923 5258 2835 5289 2578 5258 2574 5258 2430 5276 2373 5237 2369 5237 2364 5237 2360 5237 2356 5237 2255 5267 1854 5215 1849 5215 1758 5219 1753 5219 1749 5219 1749 5223 1710 5254 1426 5202 1173 5197 1169 5197 1164 5197 1112 5219 1082 5193 1077 5193 1073 5193 924 5189 920 5189 916 5189 911 5189 859 5215 859 5354"/></Shape>
            <String CONTENT="C’eſt à luy ſeul que grace ie demande:"
                    HPOS="859"
                    VPOS="5189"
                    WIDTH="2958"
                    HEIGHT="318"
                    WC="0.9960794051488241"></String>
          </TextLine>
          <TextLine ID="eSc_line_af18666b"
                    TAGREFS="LT8"
                    BASELINE="828 5564 3019 5638 3896 5642" 
                    HPOS="824"
                    VPOS="5398"
                    WIDTH="3072"
                    HEIGHT="327">
            <Shape><Polygon POINTS="828 5433 828 5564 824 5616 1260 5616 1330 5642 1335 5642 1339 5642 1527 5625 1679 5660 1684 5660 1801 5633 1841 5668 1845 5668 1849 5668 1854 5668 2089 5642 2277 5655 2308 5686 2312 5686 2316 5686 2321 5686 2945 5681 3163 5712 3167 5712 3542 5694 3595 5725 3599 5725 3603 5725 3608 5725 3891 5690 3896 5642 3896 5537 3826 5537 3760 5485 3756 5485 3752 5485 3608 5481 3603 5481 3599 5481 3499 5524 3302 5489 3298 5489 3294 5489 3198 5516 2892 5507 2844 5463 2844 5459 2840 5459 2835 5459 2731 5455 2726 5455 2504 5494 2390 5494 2342 5450 2338 5450 2334 5450 2329 5450 2150 5485 2085 5437 2081 5437 2076 5437 2072 5437 1871 5476 1548 5420 1544 5420 1540 5420 1431 5463 1409 5441 1409 5437 1404 5437 1400 5437 1396 5437 1291 5450 1234 5411 1230 5411 1225 5411 1221 5411 1012 5446 959 5402 955 5402 951 5402 850 5398 828 5433"/></Shape>
            <String CONTENT="Recteur du ciel à toy me recommande."
                    HPOS="824"
                    VPOS="5398"
                    WIDTH="3072"
                    HEIGHT="327"
                    WC="0.9834730673480678"></String>
          </TextLine>
          <TextLine ID="eSc_line_815a90ba"
                    TAGREFS="LT10"
                    BASELINE="1208 5773 3630 5851" 
                    HPOS="1204"
                    VPOS="5616"
                    WIDTH="2426"
                    HEIGHT="301">
            <Shape><Polygon POINTS="1204 5812 2006 5838 2177 5873 2181 5873 2260 5856 2273 5873 2277 5873 2277 5878 2281 5878 2286 5878 2290 5878 2412 5856 2552 5886 2556 5886 3088 5882 3551 5917 3555 5917 3560 5917 3625 5891 3630 5851 3625 5734 3150 5721 3102 5677 3102 5673 3097 5673 3093 5673 3006 5673 3001 5673 2997 5673 2993 5673 2945 5707 2840 5677 2835 5677 2831 5677 2700 5703 2556 5651 2552 5651 2547 5651 2543 5651 2425 5694 2290 5642 2286 5642 2181 5642 2177 5642 2172 5642 2168 5642 2120 5677 2020 5633 2015 5633 2011 5633 2006 5633 1897 5673 1858 5638 1858 5633 1854 5633 1849 5633 1749 5625 1745 5625 1605 5655 1444 5616 1439 5616 1435 5616 1208 5625 1208 5773"/></Shape>
            <String CONTENT="Chanſon ſur le chant, Languir"
                    HPOS="1204"
                    VPOS="5616"
                    WIDTH="2426"
                    HEIGHT="301"
                    WC="0.996120639916124"></String>
          </TextLine>
          <TextLine ID="eSc_line_1cd787cb"
                    TAGREFS="LT10"
                    BASELINE="1583 6000 3381 6039" 
                    HPOS="1579"
                    VPOS="5856"
                    WIDTH="1802"
                    HEIGHT="266">
            <Shape><Polygon POINTS="1579 6039 1631 6061 1636 6061 1640 6061 1771 6043 1828 6091 1832 6091 1836 6091 1841 6091 1845 6091 1963 6048 2050 6096 2054 6096 2059 6096 2251 6065 2338 6065 2377 6100 2377 6104 2382 6104 2386 6104 2390 6104 2395 6104 2399 6104 2451 6065 2526 6087 2530 6087 2534 6087 2814 6069 2862 6109 2862 6113 2866 6113 2870 6113 2979 6117 3193 6122 3198 6122 3202 6122 3206 6122 3263 6082 3376 6074 3381 6039 3381 5921 3294 5891 3289 5891 3285 5891 3150 5912 2979 5882 2975 5882 2971 5882 2966 5882 2966 5886 2931 5917 2783 5917 2643 5878 2639 5878 2635 5878 2552 5895 2491 5869 2486 5869 2482 5869 2268 5882 2185 5860 2181 5860 2177 5860 2172 5860 2089 5895 1963 5856 1958 5856 1884 5856 1880 5856 1876 5856 1871 5856 1871 5860 1836 5891 1583 5886 1583 6000"/></Shape>
            <String CONTENT="me fais ſans t’auoir offenſé."
                    HPOS="1579"
                    VPOS="5856"
                    WIDTH="1802"
                    HEIGHT="266"
                    WC="0.9957785546779633"></String>
          </TextLine>
          <TextLine ID="eSc_line_a6e0c6de"
                    TAGREFS="LT8"
                    BASELINE="1134 6192 3861 6274" 
                    HPOS="1125"
                    VPOS="5991"
                    WIDTH="2729"
                    HEIGHT="347">
            <Shape><Polygon POINTS="1132 6187 1125 6233 2388 6311 2395 6311 2591 6285 3226 6338 3232 6338 3848 6324 3854 6272 3854 6109 3435 6063 3429 6063 3167 6102 1982 6076 1753 6017 1551 6011 1544 6011 1537 6011 1531 6011 1531 6017 1505 6037 1446 6004 1439 6004 1433 6004 1132 5991 1132 6187"/></Shape>
            <String CONTENT="E vieil ſerpent par venimeux ſibile,"
                    HPOS="1125"
                    VPOS="5991"
                    WIDTH="2729"
                    HEIGHT="347"
                    WC="0.9878218571345011"></String>
          </TextLine>
          <TextLine ID="eSc_line_a89d19c8"
                    TAGREFS="LT8"
                    BASELINE="1134 6416 1404 6414 2081 6444 3843 6471" 
                    HPOS="1125"
                    VPOS="6226"
                    WIDTH="2716"
                    HEIGHT="399">
            <Shape><Polygon POINTS="1132 6410 1125 6508 1282 6508 1407 6599 1413 6599 1420 6599 1740 6612 1747 6612 2068 6580 2166 6619 2172 6619 2179 6619 2434 6599 2715 6534 2879 6534 2990 6625 2997 6625 3003 6625 3010 6625 3017 6625 3187 6553 3383 6606 3390 6606 3396 6606 3403 6606 3547 6553 3835 6553 3841 6468 3841 6318 1132 6226 1132 6410"/></Shape>
            <String CONTENT="Noſtre mere Eue a tant arraiſonné,"
                    HPOS="1125"
                    VPOS="6226"
                    WIDTH="2716"
                    HEIGHT="399"
                    WC="0.9791430303028652"></String>
          </TextLine>
        </TextBlock>
        <TextBlock HPOS="744"
                   VPOS="6006"
                   WIDTH="399"
                   HEIGHT="472"
                   ID="eSc_textblock_0670f2d9"
                   TAGREFS="BT10">
          <Shape><Polygon POINTS="744 6006 744 6478 1143 6478 1143 6006"/></Shape>
          <TextLine ID="eSc_line_1355196f"
                    TAGREFS="LT9"
                    BASELINE="824 6418 1061 6416" 
                    HPOS="798"
                    VPOS="6011"
                    WIDTH="262"
                    HEIGHT="627">
            <Shape><Polygon POINTS="818 6619 1053 6638 1060 6410 1034 6011 798 6030 818 6416"/></Shape>
            <String CONTENT="L"
                    HPOS="798"
                    VPOS="6011"
                    WIDTH="262"
                    HEIGHT="627"
                    WC="0.9998898506164551"></String>
          </TextLine>
        </TextBlock>
        <TextBlock HPOS="3489"
                   VPOS="6505"
                   WIDTH="517"
                   HEIGHT="299"
                   ID="eSc_textblock_164290e5"
                   TAGREFS="BT17">
          <Shape><Polygon POINTS="3489 6505 3489 6804 4006 6804 4006 6505"/></Shape>
          <TextLine ID="eSc_line_bbbea06b"
                    TAGREFS="LT8"
                    BASELINE="3490 6684 3965 6684" 
                    HPOS="3490"
                    VPOS="6497"
                    WIDTH="475"
                    HEIGHT="301">
            <Shape><Polygon POINTS="3490 6684 3490 6741 3599 6793 3603 6793 3608 6798 3721 6798 3721 6793 3725 6793 3730 6793 3791 6745 3961 6776 3965 6684 3961 6497 3752 6514 3747 6514 3743 6514 3743 6519 3717 6545 3651 6545 3599 6501 3595 6501 3590 6501 3586 6501 3582 6501 3490 6540 3490 6684"/></Shape>
            <String CONTENT="Qu&#x27;elle"
                    HPOS="3490"
                    VPOS="6497"
                    WIDTH="475"
                    HEIGHT="301"
                    WC="0.9696521418435233"></String>
          </TextLine>
        </TextBlock>
      </PrintSpace>
    </Page>
  </Layout>
</alto>
