4267 7925
3280 638 119 216 15

810 616 1810 198 SPIRITVELLES.

166 1254 425 489 N

290 854 3056 255 Cantique ſur le chant du Pſeaume 45.

1092 1096 1277 216 Propos exquis, etc.

515 1276 2919 238 Ettoyons-nous, lauõs nos cõſciẽces,

561 1472 2867 245 Recognoiſſans deuant Dieu nos of¬

506 1708 625 211 fenſes:

202 1910 2845 242 Preſentons-nous en toute affection,

211 2139 3109 238 Au Seigneur Dieu plein de compaſſion.

317 2351 2853 229 Humilions nos cœurs deuant la face

193 2553 3228 247 De noſtre Dieu, qui noꝰ fait tãt de grace:

211 2756 3206 255 Gouſtons les dons du bon Pere eternel,

198 2976 2673 246 En renonçant à tout deſir charnel.

352 3187 3051 260 Quittõs la chair, les vanitez du monde,

206 3398 3189 247 Et cerchõs Dieu, en qui tout bien abõde:

211 3605 3153 273 Cerchons le Dieu de grace & de bonté,

193 3826 2739 250 Pour luy ſeruir de franche volonté.

317 4032 3073 287 Inuoquõs Dieu, puis qu’il nous y cõuie,

206 4248 3175 273 En luy rendant les fruicts de noſtre vie:

189 4460 3223 286 Penſons à Dieu, ayons vers luy recours,

180 4662 3259 304 Nous trouuerõs en luy ſeul vray ſecours.

312 4882 3118 273 Fichõs nos cœurs en la ſaincte promeſſe

176 5076 3249 308 Du Tout-puiſſant, qui iamais ne delaiſſe:

176 5300 3241 287 Iettons en Dieu tout noſtre eſpoir & ſoin,

189 5512 3232 286 Qui aide aux ſiẽs touſiours en leur beſoin.

303 5728 2598 286 Renouuellons la paix & alliance

167 5939 3280 282 Auecques Dieu, qui eſt noſtre aſſeurance.

171 6137 3263 291 Nourriſſons paix, pour ſeruir d’vn accord

162 6353 3162 304 Au Dieu de paix, qui eſt noſtre ſupport.

334 6582 3172 365 Ouurons nos cœurs en charité ardante
