4267 7877
873 439 203 243 50

1803 490 1663 218 CHANSONS.

768 2953 236 512 S

844 691 3173 315 Qui contre moy ſont forgés tout expres

835 918 3204 289 Tous tes autels, tes loix, tes ordonnances,

835 1129 3108 284 Qu’as inuentés par tes outrecuidances.

1037 1325 3019 311 Vous (mes enfans) ꝗ Seigneur me tenez

835 1540 2989 276 Voſtre aduocat ſeul Ieſus maintenez:

818 1750 3208 293 Puis que pour vous s’eſt d’onné à la mort,

814 1960 3216 293 Pour luy mourés de cœur vaillant & fort,

805 2179 2919 271 Recognoiſſans que par ſon ſacrifice

835 2384 3033 276 Vous eſt remis & pardonné tout vice.

1045 2586 2898 310 Complainte de l’Egliſe ſur le chant,

1693 2826 1637 250 Laiſſés la verde couleur.

1070 2999 2087 302 Eigneur, venge le meſpris

1070 3209 1903 263 De ta hauteſſe offenſee,

779 3448 2297 254 Et confonds des faux eſprits

787 3654 2101 240 Toute la troupe inſenſee.

910 3864 1685 232 Regarde l’affliction

761 4061 2188 271 De ton eſpouſe eſplouree,

774 4297 1956 245 Qui par leur oppreſſion

765 4507 1913 227 Sent peine deſmeſuree

962 4713 1764 201 Elle ne s’oſe aduouer

752 4914 2040 258 Eſtre à toy ſeul deſtinee,

752 5146 1983 219 Et encor moins te louer

752 5338 2399 250 Par chanſon bien ordonnee.

954 5553 2131 245 Ils ont defendu les chants

739 5763 2053 249 Dont ta grace eſt eleuee,

739 5973 2057 249 Et des laſcifs & meſchans

752 6192 2337 227 Ont la couſtume approuuee.

884 6389 2354 363 Le Pſalme, ô ſouuerain Dieu,

3768 6686 214 263 Qui
