4267 8012
3117 667 210 232 93

623 640 1800 210 SPIRITVELLES.

129 890 3011 245 Eſt en mon Dieu, point ne le faut celer:

146 1103 2998 250 Trop me deſplaiſt d’en ouyr mal parler:

138 1321 3002 254 Ie hay celuy qui ſon honneur luy bleſſe.

200 1548 3033 227 En mes chanſons ſon nom ie magnifie,

155 1749 2726 218 Car c’eſt le Fils de Dieu le Createur:

160 1967 2828 240 Et croy qu’il eſt mon ſeul mediateur

182 2194 2650 231 Et aduocat: heureux eſt qui s’y fie.

258 2390 3082 258 Quãd ſon S. Nõ doucemẽt i’inuoquoye,

155 2621 3105 245 Mes ennemis, pour me mettre en eſmoy,

146 2830 2838 250 Diſoyent ainſi, Il eſt bien loin de toy,

173 3053 2909 227 Point ne t’y fie: mais ainſi ie chantoye,

178 3271 2721 236 Voicy le temps de ſa miſericorde,

160 3480 2485 236 Il aura donc de moy compaſſion:

178 3685 2294 245 l'eſpere auoir de luy remiſſion,

178 3903 2334 245 Pardon auſſi, verité s’y accorde

262 4108 3091 271 Mon doux Ieſus i’ay fait cri lamentable

164 4344 2829 249 De profond cœur à toy, tu le cognois:

160 4533 2324 240 Il eſt en toy exaucer ceſte voix,

186 4747 2525 267 Tu ſeras donc à ton ſerf amiable.

267 4985 2962 245 Helas Seigneur, ſi obſeruer mes voyes

186 5181 2558 260 En iugement voulois, & les punir,

178 5425 2730 236 Qui les pourroit porter ne ſouſtenir?

164 5626 3194 240 De tes doux chãts n’orriõs iamaisles ioyes.

253 5862 3136 244 Mais pour autãt que tu es tout propice,

173 6049 2334 267 Enſemble auſſi propiciation,

173 6276 2508 253 En toy i’ay mis mon expectation:

169 6476 2601 276 Ne me punis point ſelon ta iuſtice.

280 6703 2913 285 Fié me ſuis en ton verbe & promeſſe,
