4267 7576
1790 471 1053 244 TABLE.

816 3061 383 419 P

771 719 3160 291 Onoſtre Dieu parta clemence. 17

783 947 3205 277 O que de maux me viennent. 1o6¬

783 1130 3155 290 Or chantez, chantez fideles. 96¬

783 1357 3098 252 Or di Pape ſur ta loy 2y1

790 1540 3122 290 Or eſt le nom bien eſſeué. 212

796 1755 3091 265 Or, laiſſes, Createur 96

802 1944 3136 284 O Seigneur Dieu vray & fidele 53

809 2152 3103 284 O Seigneur la ſeule eſperance. 167

815 2361 3123 259 O Seigneur nous qui ſommes.. 37

821 2580 3017 273 O vous Paſteurs qui regentez.

1814 2784 234 233 P

1163 2967 2838 278 Ar ton regard tu me fais 19.

1169 3144 2845 328 Peuple ſeduit penſe à ton fait- 126

840 3371 3110 303 Petit troupeau fidele. 1a9

847 3573 3103 303 Pource que Dieu les iniures. 33

853 3800 3059 291 Poures aueugles retournez. 2i7

859 3983 3186 303 Poures Euangeliſtes. 8a

872 4173 3116 334 Pour reparer le grand forfaict.. 17

878 4387 3072 316 Pour vn plaiſir qui toufiours. 16

885 4589 3129 310 Pour voſtre offence mortelle. 3o

891 4785 3097 322 Prenons confort le Seig. à parlé. 4

910 5012 3078 297 Priez enfans de cœur ioyeux.. 16

935 5202 3117 309 Puis qu’aduerſité nous offenſe. 17

935 5391 3079 335 Puis que de vous ie n’ay. 16i

935 5618 3091 335 Puis que pour eſpoux, &c. in

1845 5852 291 278 Q

1428 5991 2586 341 Vand eſt-ce, Seigneur.. 176

1403 6206 2636 385 Quand i’ay bien à mon cas penſe.nb

1002 6093 413 548 Q

3542 6426 510 291 Quand
