4267 7849
968 542 308 255 102

1880 593 1575 226 CHANSONS

916 2825 399 510 Q

1130 824 2308 257 Reſiouiſſons nous, mes amis,

920 1037 2465 245 Et faiſons tous honneſte chere,

924 1247 2474 235 Puis que le Sauueur nous à mis

916 1438 2216 253 Hors de peché & de miſere:

907 1648 2552 257 Soyons enclins à luy complaire,

907 1853 1832 222 Et obeir à ſon vouloir:

898 2053 2147 249 Afin que là ſus en ſa gloire

898 2267 2365 231 Puiſſions ſans fin repos auoir.

1352 2463 2251 257 Chanſon ſur le chant, Qui la

1767 2686 1383 226 dira la douleur, &c.

1330 2869 2657 257 Vi la dira la douleur de mon cœur,

1354 3074 2736 281 Et le ſouci que pour mõ peche porte?

863 3287 3225 262 Ie ne ſouſtien qu’ennuy, peine, & douleur,

846 3484 3229 261 Et ſi n’ay nul, mon Dieu, qui me conforte.

1064 3697 3019 253 O Seigneur Dieu, qui mets dehors d’eſ¬

3691 3917 373 269 (moy.

850 3878 2664 262 Tes ſeruiteurs, par ta miſericorde,

855 4098 2927 253 Ton plaiſir ſoit auoir merci de moy:

837 4308 2976 244 Par mon peché i’ay deſſerui la corde.

1034 4517 2312 240 Efface donc toute l’iniquité

837 4726 3028 240 Qui eſt en moy en grande multitude:

794 4927 2678 222 Ie ne vaux rien, car ie ſuis vanité:

780 5119 2985 257 A faire mal i’ay mis tout mon eſtude.

986 5337 2936 244 Par mon peché ie ſuis deuant toy vil,

772 5524 3163 271 Mais laue moy de plus en plus par grace:

794 5734 3102 253 Car ſans l’auoir tout homme eſt inutil,

772 5934 2884 257 Et deſplaiſant deuant ta ſaincte face.

994 6148 2985 253 Tous mes pechez ie confeſſe & cognoy

759 6331 2788 310 En general, ie laiſſe là les branches,

3682 6553 310 301 Car
