4267 7849
881 593 209 257 98

1932 575 1327 227 CHANSONS

837 824 1998 235 Et ne me ſoyez rebelles.

846 1042 2216 218 Car mener vous veux là ſus.

1038 1234 1898 226 Ie ſuis la vraye lumiere,

842 1452 2347 235 Qui conduit tous les parfaits,

837 1648 1785 222 La remiſſion pleniere

833 1848 2461 236 Donnant à tous leurs malfaits,

1038 2066 1994 223 Or puis qu’vne telle ioye

837 2263 2278 235 Me preſente mon vray Dieu:

850 2485 2060 201 Tenir ne veux autre voye,

824 2659 1785 236 Ny aller en autre lieu.

1025 2882 2369 240 Mais tant que i’auray eſſence,

828 3069 1916 231 Ne ceſſeray en nul lieu.

824 3279 2243 226 De chanter à l’excellence,

824 3479 2339 253 Du treshaut & puiſſant Dieu.

1561 3689 1815 226 Chanſon ſur le chant,

1627 3907 1710 226 A qui me doy-ie retirer.

1321 4081 2003 249 Aintenant me faut retirer

1321 4251 2468 327 Par foy à leſus Chriſt mon frere:

1321 4493 2134 249 Car luy ſeul m’a voulu tirer

824 4691 2771 258 Hors du peché de mon grand Pere.

824 4918 2413 236 Il m’a eſté touſiours proſpere,

828 5132 1959 222 Et ſi ſera apres ma mort,

833 5319 2395 249 Si ie ne crains à luy deſplaire,

828 5542 2391 235 Il eſt certain que i’auray tort.

1047 5738 2449 231 Car par la Loy i’eſtoy damné,

855 5934 2831 257 Veu qu’il n’eſt nul qui l’accompliſſe:

855 6144 2255 204 Toutesfois Dieu à ordonné,

855 6348 2343 323 Que tout homme luy obeiſſe:

831 4153 471 517 M

3743 6575 257 279 Que
