4267 7533
355 598 2793 268 Des chariots n’oy le train ny les pas,

230 811 3107 264 A quoy tient-il qu’ils ne reuiennent pas?

221 1012 2722 251 De l’autre part ſes ſages damoiſelles

221 1213 3128 272 Luy reſpondoyẽt (voire en paroles telles,

339 1418 3061 264 Que dans ſon cœur elle meſme pẽſoit )a

226 1615 3086 255 Ton fils butine en quelque lieu qu’il ſoit:

217 1833 2944 255 Rencontré ont, ils partiſſent en ſomme?

217 2025 3086 268 Vne pucelle, ou deux à chaſcun homme.

343 2243 2211 230 A Siſara ſeront les ornemens

209 2444 3174 251 Peincts & brodez, tous les accouſtremens.

205 2644 3086 260 Les plus exquis, pour prix de ſa victoire:

213 2845 3074 272 Chaſcun à part luy donnoit telle gloire.

326 3055 2814 259 O Dieu puiſſant, tous periſſent ainſi¬

209 3272 2923 226 qes ennemis: ceux qui t’aiment auſſi

221 3460 2806 264 De veſ utelle & puiſſance renforce,

205 3653 2990 285 Comme len ſoleil qui ſe leue en ſa force.

200 4055 2676 276 L’oraiſon de Ioſaphat Roy de Iuda,

376 4285 2659 247 2. Chr. 20. Sur le chant du Pſeaume, 118¬

699 4490 2077 255 Rendez à Dieu l’ouange, etc.

534 4858 2821 320 Ieu tour puiſſant, Dieu de nos peres,

509 5097 2626 282 N’es-tu pas regnant fur les cieux?

200 5310 2459 247 N'eſt ce pas toy ſeul qui imperes

200 5524 2140 238 Sur tous royaumes glorieux?

334 5704 2515 263 En main duquel eſt toute force

200 5900 1985 264 A qui nul ne peut reſiſter?

205 6105 2495 302 N'es tu pas noſtre Dieuerenforce

791 368 1486 230 CANTIOVES.

3044 414 335 255 309

207 4846 314 464 D
