4267 7656
791 531 327 209 252

795 757 3140 251 Puis qu’en toy n’eſt que douceur & bonté,

799 978 2889 225 Preſerue moy donc auant que mourir

799 1178 2438 234 Du faux Satan, & de ſa cruauté,

804 1382 2837 268 Et que par toy il ſoit en moy domté.

1901 1697 1230 255 Autre chanſon.

1004 2011 2186 217 Pour tout iamais t’exalteray

816 2198 2281 256 Seigneur, & d’vn ardent deſir

829 2424 2544 234 Ton nom par tout ie preſcheray:

825 2632 2110 243 Car à ta loy ie pren plaiſir,

816 2853 2349 217 Iamais ne m’en deſtourneray,

816 3045 2404 251 Puis qu’vne fois l’ay peu ſaiſir.

1004 3262 2731 238 Vn plus grand bien ne veux choiſir.

829 3487 2238 230 Car là vray repos trouueray.

1893 3891 1080 251 Autre chanſon.

821 4308 2884 226 Souffrir me faut & touſiours endurer:

825 4529 2629 234 Mais en la fin i’auray allegement,

833 4742 2753 230 Quand Dieu voudra d’ici me retirer

816 4946 3029 217 Il mettra fin à mon faſcheux tourment.

833 5159 3029 212 La mort aux bons eſt le commencement

829 5350 2553 247 De ioye, & gloire & de felicité:

833 5567 2744 255 Mais cependant il faut patiemment

825 5776 2905 246 Du Seigneur Dieu ſuyure la volonté?

825 5975 2922 302 Souffrir me faut & touſiours endurer.

1667 510 1349 204 CHANSONS

3548 6167 361 255 Chanl
