4267 8012
3077 810 299 267 175

699 747 1817 236 SPIRITVELLES.

329 974 2490 290 C'eſt choſe auſſi bien veritable,

218 1201 2601 290 Que quand Paul eſtoit priſonnier,

204 1419 2192 272 Tu luy fus doux & fauorable:

209 1660 2316 240 Ce qu’on ne pourroit pas nier.

209 1847 2369 271 Concluſion, Nous voulons dire

218 2060 2383 294 Que toute puiſſance eſt de toy,

213 2287 2766 276 Qui fais que rien ne nous peut nuire

204 2497 1844 271 Icy bas ne porter eſmoy.

244 2701 2744 290 Donc s’il te plaiſt par ta clemence,

200 2906 2276 280 Par Ieſus Chriſt deliure-nous:

200 3111 2503 316 Et nous pardonne noſtre offenſe,

213 3347 2486 302 Ou autrement, c’eſt fait de nous.

797 3774 1835 289 Chanſon ſur le chant.

1046 4130 1149 258 du Pſeaume 137.

547 4406 2644 334 Edans Lyon ville treſrenommee,

534 4626 2858 308 Nous ſouſpirõs en priſon biẽ fermee

253 4856 2615 293 Nous ſouuenant de l’habitation

338 5096 2548 280 Du bon pais & congregation,

338 5292 3056 329 Où nous ſoulions, tant aux chãps qu’en

485 5483 561 250 la ville

342 5684 2905 351 Ouir preſcher le treſſainct Euangile.

213 5911 3189 333 Certainement nous ſommes en deſtreſſe,

356 6129 3064 356 Nõ pour priſõ, ou peine qui nous preſſe

342 6356 2753 316 Mais pourautant que pas magnifier

485 6569 2681 316 Nous ne pouuons, n’auſſi glorifier

351 6756 2733 370 Noſtre bon Dieu, & ouyr ſa Parole:

200 4326 371 547 D

2262 7095 503 235 m .ii.
