4267 7830
853 487 379 230 360

1745 469 1477 240 CANTIQVES.

840 717 2521 235 Car ils ont tous receu au double

835 913 2130 248 Le ſalaire de leurs pechez.

1014 1144 2164 200 Par les deſerts iront crians

835 1357 2395 235 Les Prophetes auecques ioye,

840 1570 2164 239 Preparez, preparez la voye

840 1770 2460 235 De noſtre Dieu, petis & grans.

1036 1974 2482 231 Sus Princes, Rois, libres & ſerfs,

835 2196 2487 235 Sus, ſus, que ſa voye on prepare:

849 2405 2621 239 Que de ſecours lon nous empare.

840 2614 2473 226 Pour trauerſer tous ces deſerts.

1049 2823 2656 239 Les chemins bas ſoyent faits hauts,

853 3031 2325 240 Et les montagnes abbaiſſees:

870 3227 1994 244 Voyes difficiles dreſſees,

849 3458 2268 243 Applanis les lieux inegaux.

1014 3662 2321 244 Bref, qu’il n’y ait ſi aſpre lieu,

849 3867 2272 243 Montagne ſi ſterile & ſeche,

849 4088 2708 244 Rien qui de paſſer nous empeſche,

849 4297 2542 218 Eſtans conduits par noſtre Dieu.

1044 4524 1964 208 Lors par tout ſera reuelé

849 4719 2555 244 Le nom du Seigneur & la gloire:

849 4937 2229 213 Lors ſera fait à tous notoire

857 5146 2190 234 Que c’eſt luy qui aura parlé.

1005 5354 2439 227 Crie bieu haut dit le Seigneur,

866 5576 2464 226 Quoy? di-ie, Crie ce prouerbe,

856 5748 3018 281 Que toute chair n’eſt rien fors qu’herbe,

866 5989 2268 227 Ny toute ſa gloire que fleur.

1014 6190 2569 247 L’herbe ſechant, la fleur pourrit,

862 6403 2538 309 Car du Seigneur le vent y paſſe:

3509 6585 379 270 L'her¬
