4267 7737
3036 382 332 232 259

671 343 1763 220 SPIRITVELLES.

206 2894 156 503 I

249 593 3037 262 Audit Seigneur, qui n’en a point meſtier.

249 808 3119 257 Mais pour monſtrer que ſous luy tout s’ab¬

296 1014 426 249 baiſſe

249 1216 2297 266 Maugré Satan, & toute ſa fineſſe

245 1461 2624 215 L’adoreray de cœur ferme & entier,

245 1659 2727 236 En verité, non point au ſeul monſtier:

236 1848 3196 292 Ains en eſprit au ciel cõme il m’addreſſe.

378 2282 2671 266 Chanſon ſur le chant, I’ay fait pour

868 2523 1631 227 vous cent mille pas, etc.

309 2914 2293 258 'Ay fait en vain cent mille pas

305 3120 2146 258 Pour ouir la Meſſe à l’egliſe:

219 3374 2194 210 Mais ie voy qu’elle ne vaut pas

219 3563 2637 228 Les vieux lambeaux de ma chemiſe:

219 3765 2189 232 Car par elle & ſa marchandiſe

210 3988 2508 228 Blaſphemé-ont Dieu le Createur,

206 4212 2301 206 Et ont renoncé au Redempteur.

206 4418 2594 232 Chez moy ont prins pluſieurs repas

202 4625 2305 232 La moinaille & fauſſe preſtriſe

206 4852 2624 207 Beuuans ſans reigle & ſans compas,

202 5059 2550 232 Dont me repen (quand ie m’auiſe)

202 5265 2301 228 Mais ſi pour toute leur feintiſe

197 5476 2732 232 Ont plus de moy brouet ne liqueur

193 5682 2409 249 le vueil qu’on me creue le cœur.

197 6073 3201 288 Chanſon ſur le chant, Qui la voudra, ſou¬

894 6348 1605 288 haitte que ie meure, etc.

2172 6576 529 254 r .iiii.
