4267 7559
235 701 2809 311 L’herbe eſt le peuple, en peu d’eſpace

230 923 1907 257 Il ſeche, & ſa grace perit.

335 1129 2747 282 L’herbe & fleur ſeche entierement,

226 1335 2512 273 Caril faut que toute chair meure,

226 1549 2613 273 Mais du Seigneur la voix demeure

209 1759 1727 223 Et florit erernellement.

205 1952 2587 294 Monte deſſus ces plus hauts monts,

205 2166 1764 265 Ode Sion la meſſagere:

197 2368 2419 294 Ta voix hauſſe en telle maniere,

197 2595 2482 277 Que mon peuple oye tes ſermons.

193 2792 2121 273 Crier ſans peur il te conuient,

180 2998 1835 264 Et de Iuda aux citez dire,

214 3220 2423 294 lcyt evuuez bien chanter & rire,

180 3422 2461 294 Caic voici voſtre Dieu qui vient.

247 3636 2398 286 Voici le grand Seigneur venant

172 3838 2356 302 Auec ſon bras plein de puiſſance:

167 4044 1991 264 Voſtre rançon & deliurance

159 4262 1911 273 Peuant ſa face cheminant.

193 4472 2343 311 Ce paſteur paiſtra ſon troupeau,

163 4669 1920 265 Raſſemblera ſes brebiettes:

146 4871 2537 327 Aux bras portant les plus foiblettes,

155 5102 2369 294 les preignes conduira tout beau.

230 5308 2399 302 Qui d’vn poing meſure les eaux?

146 5513 2260 290 leciel d’vne paume eſtendue:

146 5723 2378 303 Qui tient la terre en l’air pendue

146 5925 2827 344 le trois droigts? & les monts treshauts?

188 6139 2151 294 Qui pendit onc à vn crochet

134 6357 2768 349 int, de hauts monts & montagnettes?

957 503 1487 248 CANTIOVES.

3099 550 273 260 361
