4267 8012
3024 529 303 276 69

601 538 1746 254 SPIRITVELLES.

124 1436 282 491 C

75 805 1942 276 Oy l’oraiſon, ie croy à toy.

605 1010 1818 258 Chanſon, ſur le chant,

948 1246 922 209 du Pſeau.10.

397 1415 2867 289 Ombiẽ ſera l’homme fidele heureux,

406 1651 2769 266 Qui n’eſt allé au conſeil ni aux rangs

102 1869 2307 271 Ni aſsiſté auec les malheureux,

97 2074 3212 293 Ainſi qu’ont fait pluſieurs docteurs errans

106 2305 2829 272 Qui ſe ſont mis au rang des ignorans,

89 2510 2489 258 Et aſsis ſur leur chaire peſtilente,

106 2732 2512 268 Pour impugner la verité patente.

187 2951 2431 280 Certes celuy qui a ſa volonté

106 3155 2557 267 Miſe à garder la Loy du Createur,

111 3378 2454 271 Et nuict & iour en elle a medité,

106 3587 2855 263 Eſt bienheureux: car il a pour docteur

120 3810 2841 249 L’Eſprit de Dieu, qui le fait ſeruateur

102 4023 2655 258 De ceſte Loy à la chair impoſsible,

106 4224 3216 280 Mais au croyãt par Chriſt elle eſt poſſible,

267 4455 2570 254 Vn tel ſera comme l’arbre planté

111 4673 3127 258 Aupres du cours des argentins ruiſſeaux,

151 4896 2877 253 Qui en ſon temps fera fruict à planté:

129 5109 3037 259 Iamais ſa fueille & verdeur de rameaux

124 5327 2860 254 Ne tombera ne par vent ne par eaux:

138 5537 2962 249 Car le tout tient à l’arbre ayant racine,

129 5746 2405 249 C’eſt à Ieſus & ſa pure doctrine.

240 5951 2904 262 Ainſi ne font qui de mal ſont enflez,

124 6182 3234 249 Mais comme poudre iront ſoudainement,

129 6378 3135 276 Eſtans au loin du Seigneur Dieu ſoufflez:

120 6605 2962 298 Et deiettez à mort & damnement,

2235 6854 419 218 e .iii.
