4267 8012
579 516 1719 218 SPIRETV ELLES.

285 774 2672 272 Que le bourreau nous vient querir,

285 1001 2298 240 Pour au feu nous faire mourir.

209 1206 2236 271 Opoure chair par trop fragile,

262 1415 2775 276 Pourquoy crains-tu pour l’Euangile,

267 1651 1674 240 Et pour verité endurer,

271 1847 2410 253 Pour puis apres touſiours durer?

387 2056 2713 254 Conſidere & penſe en toy-meſme,

276 2278 2690 250 Que Ieſus mainte angoiſſe extreme,

276 2479 2191 231 Helas, en ce monde a ſouffert:

276 2710 2360 241 Pour tes pechez en croix offert.

209 2924 2472 245 Mourir par feu, c’eſt mort treſdure

293 3155 2098 214 A toute humaine creature:

289 3356 2419 236 Mais toutesfois c’eſt peu de fait,

293 3556 2392 254 Du feu qui noſtre corps deffait.

409 3783 2468 249 O combien plus eſt redoutable

285 3983 2053 245 Le feu d’enfer au miſerable,

293 4215 1965 240 Qui par peché ſera vaincu,

289 4424 2022 236 Et ſelon Dieu n’aura veſcu.

218 4651 2133 258 Or ſus arriere peur & crainte,

311 4856 2236 231 Meure tout effort & atteinte:

302 5060 2499 263 C’eſt peu de fait, c’eſt peu de cas,

289 5279 2067 249 De ce qu’endurons icy bas.

432 5501 2249 245 Car c’eſt vne choſe certaine,

311 5715 2512 262 Que tout torment & toute peine,

320 5928 3025 272 Qu’on nous pourroit mettre en auans,

293 6138 2272 258 Paſſeront toſt comme le vent:

218 6342 1795 245 Et pource toute defiance

311 6543 2080 320 Delaiſſons, & noſtre fiance

2917 516 303 236 179

2035 6823 686 227 M. iii.
