4267 7638
577 602 1516 238 CANTIQVES.

258 852 2119 238 Inayant Dieu deuant les yeux.

394 1031 2115 254 Voila comment toute ſa vie

242 1222 1745 261 le ſainct repos il ſanctifie,

229 1438 2401 242 Crignant touſiours Dieu offenſer,

229 1642 2108 235 Amal faire, ou dire ou penſer.

288 1850 2501 254 Celuy enfant ſe tient ſous verge

222 2043 2567 261 duec tous ceux qui l’ont en charge:

222 2272 1936 197 Et les ſert en toute douceur,

216 2450 2465 248 Ioit pere ou mere, ou frere ou ſœur.

377 2664 2026 238 Au ſurplus il n’a le courage

216 2838 2184 261 le faire ou dire aucun outrage,

216 3055 2197 248 Meurtrir ou batre aucunement,

212 3263 1919 233 Non pas de hayr ſeulement,

258 3475 2463 233 Si quelqu’vn luy a fait greuanee

197 3647 2789 280 Point ne cerche en prendre vengeance:

197 3850 2388 274 Mais s’en rapporte à ceux qui ſont

199 4060 1830 246 be la iuſtice, & qui la font.

356 4239 2127 280 Iamais auſsi ne s’abandonne

203 4442 1854 261 Apaillarder auec perſonne;

197 4646 1853 274 le ſainct mariage il attend,

191 4843 2458 280 lant que ſon pere en ſoit content.

248 5060 2038 261 Tour larrecin & tromperie,

191 5238 1675 305 lapine, ſure & pillerie,

178 5422 2528 312 Iout bien d’autruy prins ſans raiſon,

191 5645 1897 274 Cela luy put comme poiſon.

267 5855 2248 268 Averité ſi bien prend garde,

182 6067 2390 255 Que d’eſtre faux teſmoin ſe garde:

171 6244 1930 350 llaſit ne prend à detracter,

2891 615 272 280 381
