<?xml version="1.0" encoding="UTF-8"?>
<alto xmlns:xsi="http://www.w3.org/2001/XMLSchema-instance"
      xmlns="http://www.loc.gov/standards/alto/ns-v4#"
      xsi:schemaLocation="http://www.loc.gov/standards/alto/ns-v4# http://www.loc.gov/standards/alto/v4/alto-4-2.xsd">
  <Description>
    <MeasurementUnit>pixel</MeasurementUnit>
    <sourceImageInformation>
      <fileName>CRRS02_Chansons_spirituelles.pdf_page_80.png</fileName>
      <fileIdentifier>pdf//CRRS02_Chansons_spirituelles.pdf</fileIdentifier>
    </sourceImageInformation>
  </Description>
  <Tags>
    <OtherTag ID="BT7" LABEL="CustomZone" DESCRIPTION="block type CustomZone"/><OtherTag ID="BT8" LABEL="DamageZone" DESCRIPTION="block type DamageZone"/><OtherTag ID="BT9" LABEL="DigitizationArtefactZone" DESCRIPTION="block type DigitizationArtefactZone"/><OtherTag ID="BT10" LABEL="DropCapitalZone" DESCRIPTION="block type DropCapitalZone"/><OtherTag ID="BT11" LABEL="GraphicZone" DESCRIPTION="block type GraphicZone"/><OtherTag ID="BT12" LABEL="MainZone" DESCRIPTION="block type MainZone"/><OtherTag ID="BT13" LABEL="MarginTextZone" DESCRIPTION="block type MarginTextZone"/><OtherTag ID="BT14" LABEL="MusicZone" DESCRIPTION="block type MusicZone"/><OtherTag ID="BT15" LABEL="NumberingZone" DESCRIPTION="block type NumberingZone"/><OtherTag ID="BT17" LABEL="QuireMarksZone" DESCRIPTION="block type QuireMarksZone"/><OtherTag ID="BT18" LABEL="RunningTitleZone" DESCRIPTION="block type RunningTitleZone"/><OtherTag ID="BT19" LABEL="SealZone" DESCRIPTION="block type SealZone"/><OtherTag ID="BT20" LABEL="StampZone" DESCRIPTION="block type StampZone"/><OtherTag ID="BT21" LABEL="TableZone" DESCRIPTION="block type TableZone"/><OtherTag ID="BT22" LABEL="TitlePageZone" DESCRIPTION="block type TitlePageZone"/>
    <OtherTag ID="LT7" LABEL="CustomLine" DESCRIPTION="line type CustomLine"/><OtherTag ID="LT8" LABEL="DefaultLine" DESCRIPTION="line type DefaultLine"/><OtherTag ID="LT9" LABEL="DropCapitalLine" DESCRIPTION="line type DropCapitalLine"/><OtherTag ID="LT10" LABEL="HeadingLine" DESCRIPTION="line type HeadingLine"/><OtherTag ID="LT11" LABEL="InterlinearLine" DESCRIPTION="line type InterlinearLine"/><OtherTag ID="LT12" LABEL="MusicLine" DESCRIPTION="line type MusicLine"/><OtherTag ID="LT1330" LABEL="default" DESCRIPTION="line type default"/>
  </Tags>
  <Layout>
    <Page WIDTH="4267"
          HEIGHT="7849"
          PHYSICAL_IMG_NR="79"
          ID="eSc_dummypage_">
      <PrintSpace HPOS="0"
                  VPOS="0"
                  WIDTH="4267"
                  HEIGHT="7849">
        <TextBlock HPOS="708"
                   VPOS="435"
                   WIDTH="344"
                   HEIGHT="299"
                   ID="eSc_textblock_9ad12599"
                   TAGREFS="BT15">
          <Shape><Polygon POINTS="708 435 708 734 1052 734 1052 435"/></Shape>
          <TextLine ID="eSc_line_e78ea8c7"
                    TAGREFS="LT8"
                    BASELINE="772 614 999 597" 
                    HPOS="759"
                    VPOS="470"
                    WIDTH="240"
                    HEIGHT="192">
            <Shape><Polygon POINTS="977 484 933 479 890 475 846 475 802 470 759 470 772 614 772 662 999 636 999 597 986 484 977 484"/></Shape>
            <String CONTENT="72"
                    HPOS="759"
                    VPOS="470"
                    WIDTH="240"
                    HEIGHT="192"
                    WC="0.9933912456035614"></String>
          </TextLine>
        </TextBlock>
        <TextBlock HPOS="1605"
                   VPOS="435"
                   WIDTH="1803"
                   HEIGHT="281"
                   ID="eSc_textblock_233b81f6"
                   TAGREFS="BT18">
          <Shape><Polygon POINTS="1605 435 1605 716 3408 716 3408 435"/></Shape>
          <TextLine ID="eSc_line_904bd131"
                    TAGREFS="LT10"
                    BASELINE="1723 593 3263 606" 
                    HPOS="1723"
                    VPOS="470"
                    WIDTH="1540"
                    HEIGHT="218">
            <Shape><Polygon POINTS="3215 470 3167 488 3062 470 3032 470 2988 470 2975 470 2892 497 2831 470 2814 470 2783 470 2757 492 2661 470 2639 470 2595 470 2552 470 2508 470 2465 470 2421 470 2377 470 2081 488 2059 470 2028 470 1985 470 1941 470 1897 470 1854 470 1810 470 1767 470 1723 470 1723 593 1723 675 1832 649 1893 671 1897 671 1902 671 2229 645 2294 684 2299 684 2303 684 2308 684 2547 649 2617 684 2622 684 2818 688 2822 688 2827 688 2901 662 3049 688 3054 688 3058 688 3062 688 3110 658 3184 688 3189 688 3193 688 3198 688 3202 688 3259 649 3263 606 3250 484"/></Shape>
            <String CONTENT="CHANSONS"
                    HPOS="1723"
                    VPOS="470"
                    WIDTH="1540"
                    HEIGHT="218"
                    WC="0.9671343490481377"></String>
          </TextLine>
        </TextBlock>
        <TextBlock HPOS="536"
                   VPOS="707"
                   WIDTH="3506"
                   HEIGHT="5853"
                   ID="eSc_textblock_1a9418cb"
                   TAGREFS="BT12">
          <Shape><Polygon POINTS="536 6560 635 752 4042 707 3960 6496"/></Shape>
          <TextLine ID="eSc_line_bfd33d37"
                    TAGREFS="LT8"
                    BASELINE="741 854 3917 885" 
                    HPOS="737"
                    VPOS="693"
                    WIDTH="3180"
                    HEIGHT="248">
            <Shape><Polygon POINTS="3883 750 3848 719 3634 750 3564 719 3560 719 3272 715 3267 715 3263 715 3259 715 3211 754 3067 754 2561 750 2491 706 2486 706 2482 706 2478 706 2286 736 2102 702 2098 702 2094 702 1950 741 1762 741 1653 697 1649 697 1548 697 1544 697 1540 697 1535 697 1483 732 1387 706 1383 706 1378 706 1374 706 1300 732 1090 706 1086 706 942 728 863 693 859 693 855 693 741 710 741 854 737 889 916 915 920 915 1138 898 1269 920 1273 920 1588 902 3909 941 3917 885 3917 776 3883 750"/></Shape>
            <String CONTENT="Pour nous ſauuer l’enfant nous eſt donné:"
                    HPOS="737"
                    VPOS="693"
                    WIDTH="3180"
                    HEIGHT="248"
                    WC="0.9939142124993461"></String>
          </TextLine>
          <TextLine ID="eSc_line_9332ea44"
                    TAGREFS="LT8"
                    BASELINE="741 1063 3555 1085" 
                    HPOS="737"
                    VPOS="889"
                    WIDTH="2818"
                    HEIGHT="249">
            <Shape><Polygon POINTS="741 1063 737 1103 2233 1129 2238 1129 2399 1111 2430 1133 2434 1133 2438 1133 2443 1133 2975 1116 3027 1138 3032 1138 3036 1138 3551 1116 3555 1085 3551 963 3477 963 3394 911 3390 911 3385 911 3141 911 3136 911 3132 911 3128 911 3102 933 3010 911 3006 911 3001 911 2997 911 2993 911 2936 959 2805 959 2722 906 2718 906 2713 906 2569 906 2565 906 2561 906 2443 954 2316 902 2312 902 2308 902 2303 902 2299 902 2220 954 2033 954 1976 902 1972 902 1967 902 1963 902 1958 902 1841 946 1780 898 1775 898 1771 898 1688 898 1684 898 1679 898 1675 898 1614 946 1391 946 1330 911 1326 911 1321 911 1317 911 1182 941 1042 893 1038 893 1034 893 1029 893 1025 893 959 937 741 889 741 1063"/></Shape>
            <String CONTENT="De luy tout ſeul noſtre ſalut diſtille."
                    HPOS="737"
                    VPOS="889"
                    WIDTH="2818"
                    HEIGHT="249"
                    WC="0.9991145867567796"></String>
          </TextLine>
          <TextLine ID="eSc_line_c159f388"
                    TAGREFS="LT8"
                    BASELINE="942 1264 3944 1295" 
                    HPOS="938"
                    VPOS="1103"
                    WIDTH="3078"
                    HEIGHT="266">
            <Shape><Polygon POINTS="938 1295 1016 1325 1020 1325 1025 1325 1029 1325 1090 1303 1256 1325 1260 1325 1265 1325 1348 1303 1387 1329 1391 1329 1396 1329 1400 1329 1404 1329 1409 1329 1444 1308 1601 1308 1640 1338 1644 1338 1649 1338 1653 1338 1657 1338 1705 1316 2098 1316 2229 1351 2233 1351 2238 1351 2595 1321 2857 1321 2910 1351 2914 1351 2918 1351 2923 1351 2927 1351 3023 1321 3110 1360 3115 1360 3119 1360 3123 1360 3128 1360 3184 1325 3250 1347 3254 1347 3259 1347 3263 1347 3333 1325 3560 1364 3564 1369 3939 1369 4016 1295 3944 1146 3752 1129 3747 1129 3743 1129 3669 1164 3507 1142 3503 1142 3337 1159 3280 1133 3276 1133 3128 1125 3123 1125 3119 1125 3041 1151 2923 1120 2918 1120 2914 1120 2910 1120 2905 1120 2905 1125 2866 1159 2670 1159 2574 1155 2534 1120 2534 1116 2530 1116 2526 1116 2521 1116 2395 1142 2264 1116 2260 1116 2255 1116 2251 1116 2198 1151 2037 1151 1989 1111 1985 1111 1980 1111 1623 1107 1618 1107 1614 1107 1540 1146 1383 1146 1321 1103 1317 1103 1313 1103 1308 1103 1151 1138 1051 1103 1047 1103 1042 1103 942 1125 942 1264"/></Shape>
            <String CONTENT="Le ſainct Enfant (cõme dit l’Euangile)"
                    HPOS="938"
                    VPOS="1103"
                    WIDTH="3078"
                    HEIGHT="266"
                    WC="0.9997848868370056"></String>
          </TextLine>
          <TextLine ID="eSc_line_cd70a7bc"
                    TAGREFS="LT8"
                    BASELINE="737 1465 3368 1500" 
                    HPOS="732"
                    VPOS="1303"
                    WIDTH="2636"
                    HEIGHT="253">
            <Shape><Polygon POINTS="737 1465 732 1500 924 1526 929 1526 1064 1508 1439 1534 1444 1534 1609 1517 1775 1539 1780 1539 2286 1526 2399 1547 2404 1547 2600 1530 3359 1556 3368 1500 3368 1369 3254 1334 3250 1334 3246 1334 3241 1334 3132 1369 3041 1329 3036 1329 3032 1329 3027 1329 2905 1369 2713 1369 2613 1325 2609 1325 2604 1325 2600 1325 2491 1356 2451 1329 2447 1329 2443 1329 2438 1329 2290 1343 2260 1321 2255 1321 2251 1321 2246 1321 2094 1356 1958 1316 1954 1316 1950 1316 1945 1316 1876 1351 1701 1329 1697 1329 1518 1347 1396 1308 1391 1308 1387 1308 1383 1308 1304 1343 1042 1303 1038 1303 1034 1303 946 1338 894 1303 890 1303 885 1303 881 1303 737 1325 737 1465"/></Shape>
            <String CONTENT="Dedans la creche il fut là recliné,"
                    HPOS="732"
                    VPOS="1303"
                    WIDTH="2636"
                    HEIGHT="253"
                    WC="0.9795108550303692"></String>
          </TextLine>
          <TextLine ID="eSc_line_ab1e5754"
                    TAGREFS="LT8"
                    BASELINE="724 1674 3184 1687" 
                    HPOS="719"
                    VPOS="1517"
                    WIDTH="2465"
                    HEIGHT="231">
            <Shape><Polygon POINTS="724 1674 719 1718 785 1739 789 1739 794 1739 798 1739 802 1739 837 1718 924 1739 929 1739 933 1739 938 1739 986 1718 1308 1718 1544 1744 1548 1744 1553 1744 1605 1722 1640 1744 1644 1744 1649 1744 1653 1744 1862 1722 2216 1744 2220 1744 2325 1722 2390 1748 2395 1748 2399 1748 2404 1748 2465 1726 2486 1748 2491 1748 2495 1748 2499 1748 3180 1722 3184 1687 3184 1574 3071 1526 3067 1526 3062 1526 3058 1526 2971 1569 2805 1526 2801 1526 2796 1526 2792 1526 2787 1526 2718 1574 2456 1574 2404 1539 2399 1539 2395 1539 2390 1539 2386 1539 2321 1569 1780 1569 1749 1543 1745 1543 1740 1543 1736 1543 1540 1565 1487 1565 1444 1521 1444 1517 1439 1517 1435 1517 1199 1517 1195 1517 1191 1517 1077 1556 994 1517 990 1517 986 1517 724 1517 724 1674"/></Shape>
            <String CONTENT="Humilié pour nous &amp; encliné:"
                    HPOS="719"
                    VPOS="1517"
                    WIDTH="2465"
                    HEIGHT="231"
                    WC="0.9928287168343862"></String>
          </TextLine>
          <TextLine ID="eSc_line_f3474a01"
                    TAGREFS="LT8"
                    BASELINE="732 1879 3529 1905" 
                    HPOS="728"
                    VPOS="1718"
                    WIDTH="2801"
                    HEIGHT="252">
            <Shape><Polygon POINTS="732 1879 728 1923 763 1944 767 1944 772 1944 776 1944 1160 1923 1234 1944 1239 1944 1243 1944 1666 1931 1692 1953 1692 1957 1697 1957 1701 1957 1705 1957 1710 1957 1788 1931 1954 1953 1958 1953 1963 1953 2041 1931 2124 1962 2129 1962 2133 1962 2334 1936 2517 1936 2604 1966 2609 1966 2613 1966 2617 1966 2622 1966 2657 1940 2700 1962 2705 1962 2709 1962 2713 1962 2761 1940 2787 1966 2792 1966 2796 1966 2801 1966 2971 1944 3062 1970 3067 1970 3071 1970 3525 1957 3529 1905 3525 1787 3416 1787 3372 1748 3372 1744 3368 1744 3363 1744 3359 1744 3158 1766 3001 1739 2997 1739 2770 1779 2408 1774 2334 1735 2329 1735 2325 1735 2321 1735 2225 1774 1854 1774 1801 1731 1797 1731 1793 1731 1788 1731 1784 1731 1671 1761 1592 1726 1588 1726 1583 1726 1579 1726 1461 1766 1396 1744 1391 1744 1387 1744 1252 1766 1204 1726 1204 1722 1199 1722 1195 1722 1191 1722 920 1761 876 1726 876 1722 872 1722 868 1722 732 1718 732 1879"/></Shape>
            <String CONTENT="Penſe à cela &amp; croy, homme labille."
                    HPOS="728"
                    VPOS="1718"
                    WIDTH="2801"
                    HEIGHT="252"
                    WC="0.9682731032371521"></String>
          </TextLine>
          <TextLine ID="eSc_line_74cbcb8a"
                    TAGREFS="LT8"
                    BASELINE="929 2088 2783 2101 3948 2132" 
                    HPOS="924"
                    VPOS="1927"
                    WIDTH="3024"
                    HEIGHT="275">
            <Shape><Polygon POINTS="3939 2010 3913 1984 3852 1962 3848 1962 3747 1962 3743 1962 3739 1962 3673 1997 3625 1962 3621 1962 3616 1962 3320 1957 3315 1957 3311 1957 3307 1957 3246 1992 3062 1992 2971 1953 2966 1953 2962 1953 2958 1953 2862 1988 2665 1988 2556 1944 2552 1944 2547 1944 2377 1979 2216 1949 2212 1949 2020 1975 1963 1940 1958 1940 1954 1940 1950 1940 1945 1940 1841 1970 1387 1970 1326 1931 1321 1931 1317 1931 1313 1931 1308 1931 1212 1966 1099 1927 1095 1927 1090 1927 929 1940 929 2088 924 2132 964 2158 968 2158 972 2158 977 2158 1138 2132 1500 2175 1505 2175 1819 2141 2203 2184 2207 2184 2212 2184 2342 2149 2665 2149 2696 2180 2700 2180 2705 2180 2709 2180 2857 2154 3638 2202 3643 2202 3647 2202 3699 2175 3756 2202 3760 2202 3765 2202 3944 2184 3948 2132 3948 2040 3939 2010"/></Shape>
            <String CONTENT="De ſon pur ſang pardon decoule &amp; file:"
                    HPOS="924"
                    VPOS="1927"
                    WIDTH="3024"
                    HEIGHT="275"
                    WC="0.9975769394322446"></String>
          </TextLine>
          <TextLine ID="eSc_line_b549b07d"
                    TAGREFS="LT8"
                    BASELINE="741 2284 3446 2319" 
                    HPOS="737"
                    VPOS="2123"
                    WIDTH="2709"
                    HEIGHT="270">
            <Shape><Polygon POINTS="741 2284 737 2315 855 2341 859 2341 1234 2328 1417 2359 1422 2359 1618 2345 1753 2376 1758 2380 1876 2380 1876 2376 1880 2376 1884 2376 1928 2337 1985 2376 1989 2376 1993 2376 1998 2376 2255 2350 2294 2367 2299 2367 2303 2367 2308 2367 2312 2367 2338 2345 2408 2372 2412 2372 2417 2372 2539 2345 2604 2376 2609 2376 2613 2376 2617 2376 2722 2350 2796 2380 2801 2380 2805 2380 2975 2350 3106 2393 3110 2393 3115 2393 3232 2372 3394 2393 3398 2393 3403 2393 3407 2393 3442 2367 3446 2319 3446 2197 3376 2154 3372 2154 3368 2154 3363 2154 3359 2154 3219 2197 3071 2149 3067 2149 2949 2149 2945 2149 2940 2149 2936 2149 2857 2197 2639 2193 2430 2141 2290 2141 2286 2141 2281 2141 2277 2141 2277 2145 2225 2188 1762 2188 1701 2132 1697 2132 1692 2132 1631 2132 1627 2132 1623 2132 1618 2132 1618 2136 1575 2175 1413 2127 1409 2127 1343 2127 1339 2127 1335 2127 1330 2127 1260 2175 1034 2149 1029 2149 1025 2149 955 2167 907 2127 907 2123 903 2123 898 2123 794 2123 789 2123 785 2123 780 2123 741 2149 741 2284"/></Shape>
            <String CONTENT="Car c’eſt celuy que le Pere aſſigné,"
                    HPOS="737"
                    VPOS="2123"
                    WIDTH="2709"
                    HEIGHT="270"
                    WC="0.9832309387825631"></String>
          </TextLine>
          <TextLine ID="eSc_line_596ba5bd"
                    TAGREFS="LT8"
                    BASELINE="724 2494 3206 2511" 
                    HPOS="719"
                    VPOS="2337"
                    WIDTH="2487"
                    HEIGHT="253">
            <Shape><Polygon POINTS="724 2494 719 2533 977 2559 981 2559 1086 2542 1116 2564 1121 2564 1125 2564 1130 2564 1339 2542 1465 2568 1470 2568 1723 2546 1775 2581 1780 2581 1784 2581 1788 2581 1793 2581 1915 2550 2155 2585 2159 2590 2521 2590 2521 2585 2526 2585 2626 2555 2713 2577 2718 2577 2722 2577 2840 2564 2875 2590 2879 2590 2883 2590 2888 2590 3202 2568 3206 2511 3198 2359 3001 2389 2892 2350 2888 2350 2761 2350 2757 2350 2753 2350 2591 2389 2364 2345 2360 2345 2356 2345 2351 2345 2286 2389 2177 2389 2098 2345 2094 2345 2089 2345 2085 2345 2081 2345 2028 2389 1967 2389 1767 2363 1762 2363 1601 2380 1535 2341 1531 2341 1527 2341 1522 2341 1518 2341 1409 2380 1361 2341 1356 2341 1352 2341 1348 2341 1343 2341 1339 2341 1291 2380 1221 2380 1178 2341 1178 2337 1173 2337 1169 2337 1020 2337 1016 2337 1012 2337 1007 2337 968 2367 924 2337 920 2337 916 2337 911 2337 724 2337 724 2494"/></Shape>
            <String CONTENT="Et dés Adam par luy fut aſſigné"
                    HPOS="719"
                    VPOS="2337"
                    WIDTH="2487"
                    HEIGHT="253"
                    WC="0.9948106245561079"></String>
          </TextLine>
          <TextLine ID="eSc_line_fc20cd30"
                    TAGREFS="LT8"
                    BASELINE="728 2694 3590 2720" 
                    HPOS="724"
                    VPOS="2537"
                    WIDTH="2866"
                    HEIGHT="253">
            <Shape><Polygon POINTS="728 2694 724 2755 2177 2755 2242 2782 2246 2782 2251 2782 2404 2755 2617 2777 2622 2777 2866 2760 3141 2790 3145 2790 3586 2760 3590 2720 3590 2607 3468 2598 3433 2568 3433 2564 3429 2564 3424 2564 3211 2564 3206 2564 3202 2564 3198 2564 3198 2568 3171 2590 3058 2568 3054 2568 3049 2568 2966 2598 2901 2559 2897 2559 2892 2559 2779 2559 2774 2559 2770 2559 2766 2559 2709 2598 2639 2559 2635 2559 2630 2559 2626 2559 2622 2559 2569 2594 2486 2564 2482 2564 2478 2564 2473 2564 2417 2594 2342 2568 2338 2568 2334 2568 2198 2594 2129 2550 2124 2550 2120 2550 2116 2550 2111 2550 2020 2590 1902 2559 1897 2559 1893 2559 1889 2559 1828 2594 1684 2594 1579 2590 1535 2550 1535 2546 1531 2546 1527 2546 1522 2546 1518 2546 1378 2590 1208 2590 1116 2585 1055 2542 1051 2542 1047 2542 1042 2542 1038 2542 890 2581 846 2542 842 2542 837 2542 728 2537 728 2694"/></Shape>
            <String CONTENT="Pour par ſa mort ſauuer &amp; fils &amp; fille."
                    HPOS="724"
                    VPOS="2537"
                    WIDTH="2866"
                    HEIGHT="253"
                    WC="0.9763949727400755"></String>
          </TextLine>
          <TextLine ID="eSc_line_302ee3f3"
                    TAGREFS="LT8"
                    BASELINE="929 2908 3494 2925" 
                    HPOS="924"
                    VPOS="2751"
                    WIDTH="2570"
                    HEIGHT="240">
            <Shape><Polygon POINTS="929 2908 924 2943 1055 2978 1060 2978 1505 2952 1657 2973 1662 2973 1963 2960 2011 2982 2015 2982 2020 2982 2024 2982 2111 2956 2809 2960 2879 2991 2883 2991 2888 2991 3490 2960 3494 2925 3490 2812 3385 2799 3355 2768 3355 2764 3350 2764 3346 2764 3193 2764 3189 2764 3184 2764 3088 2812 3010 2812 2945 2764 2940 2764 2936 2764 2931 2764 2927 2764 2923 2764 2853 2808 2766 2760 2761 2760 2757 2760 2753 2760 2674 2795 2547 2760 2543 2760 2539 2760 2534 2760 2530 2760 2482 2799 2434 2760 2430 2760 2425 2760 2421 2760 2417 2760 2308 2803 2207 2755 2203 2755 2129 2755 2124 2755 2120 2755 2116 2755 2116 2760 2076 2799 1963 2755 1958 2755 1954 2755 1950 2755 1793 2803 1723 2803 1644 2755 1640 2755 1636 2755 1631 2755 1627 2755 1531 2799 1143 2799 1090 2751 1086 2751 1082 2751 1077 2751 929 2786 929 2908"/></Shape>
            <String CONTENT="Qui croit cela, il eſt de la famille"
                    HPOS="924"
                    VPOS="2751"
                    WIDTH="2570"
                    HEIGHT="240"
                    WC="0.9891735596789254"></String>
          </TextLine>
          <TextLine ID="eSc_line_17548157"
                    TAGREFS="LT8"
                    BASELINE="719 3104 3525 3126" 
                    HPOS="715"
                    VPOS="2943"
                    WIDTH="2810"
                    HEIGHT="244">
            <Shape><Polygon POINTS="719 3104 715 3143 1343 3174 1348 3174 1352 3174 1426 3157 1513 3178 1518 3178 2264 3183 2268 3183 2386 3161 2534 3187 2539 3187 3520 3183 3525 3126 3520 2982 2796 3000 2757 2965 2757 2960 2753 2960 2748 2960 2691 2960 2687 2960 2683 2960 2678 2960 2643 2986 2622 2969 2617 2969 2613 2969 2609 2969 2412 3000 2369 2965 2369 2960 2364 2960 2360 2960 2277 2956 2273 2956 2268 2956 2264 2956 2264 2960 2225 2995 2133 2995 2089 2960 2089 2956 2085 2956 2081 2956 2076 2956 2072 2956 1963 2995 1919 2956 1915 2956 1910 2956 1797 2952 1793 2952 1788 2952 1710 2991 1636 2952 1631 2952 1496 2952 1492 2952 1308 2991 1265 2956 1265 2952 1260 2952 1256 2952 1252 2952 1247 2952 1147 2982 1055 2947 1051 2947 1047 2947 1042 2947 929 2982 890 2947 885 2947 881 2947 719 2943 719 3104"/></Shape>
            <String CONTENT="De Ieſus Chriſt, de ſon Eſprit mené:"
                    HPOS="715"
                    VPOS="2943"
                    WIDTH="2810"
                    HEIGHT="244"
                    WC="0.9823604693283906"></String>
          </TextLine>
          <TextLine ID="eSc_line_7663dbea"
                    TAGREFS="LT8"
                    BASELINE="711 3314 3446 3340" 
                    HPOS="706"
                    VPOS="3157"
                    WIDTH="2740"
                    HEIGHT="252">
            <Shape><Polygon POINTS="711 3314 706 3357 754 3388 759 3388 763 3388 767 3388 916 3357 981 3379 986 3379 990 3379 1116 3357 1204 3392 1208 3392 1212 3396 1374 3396 1374 3392 1378 3392 1444 3361 1579 3388 1583 3388 1745 3366 1771 3388 1771 3392 1775 3392 1780 3392 1784 3392 1788 3392 1858 3370 1897 3396 1902 3396 1906 3396 1910 3401 2006 3401 2006 3396 2011 3396 2015 3396 2050 3366 2089 3396 2094 3396 2098 3396 2102 3396 2264 3370 2613 3405 2617 3409 2731 3409 2731 3405 2735 3405 2739 3405 2739 3401 2761 3383 2801 3405 2805 3405 2809 3405 2814 3405 2818 3405 2892 3375 3001 3396 3006 3396 3215 3383 3272 3409 3276 3409 3280 3409 3442 3388 3446 3340 3442 3183 3381 3178 3376 3178 3372 3178 3368 3178 3368 3183 3324 3222 3106 3222 2988 3174 2984 3174 2979 3174 2975 3174 2971 3174 2910 3213 2321 3191 2316 3191 2312 3191 2281 3209 2242 3174 2242 3170 2238 3170 2233 3170 2229 3170 2225 3170 2089 3209 1893 3209 1836 3165 1832 3165 1828 3165 1692 3165 1688 3165 1684 3165 1679 3165 1640 3200 1592 3161 1588 3161 1583 3161 1579 3161 1575 3161 1452 3200 1130 3200 1082 3157 1077 3157 1073 3157 746 3157 741 3157 737 3157 732 3157 711 3170 711 3314"/></Shape>
            <String CONTENT="Et ſon peché luy eſt tout pardonné"
                    HPOS="706"
                    VPOS="3157"
                    WIDTH="2740"
                    HEIGHT="252"
                    WC="0.99831870117703"></String>
          </TextLine>
          <TextLine ID="eSc_line_aeba1f14"
                    TAGREFS="LT8"
                    BASELINE="711 3514 3381 3549" 
                    HPOS="706"
                    VPOS="3357"
                    WIDTH="2675"
                    HEIGHT="262">
            <Shape><Polygon POINTS="711 3514 706 3549 837 3580 842 3580 959 3558 1038 3588 1042 3588 1047 3588 1051 3588 1160 3562 1282 3584 1287 3584 1413 3566 1457 3597 1461 3597 1465 3597 1470 3601 1605 3601 1605 3597 1609 3597 1679 3566 1749 3597 1753 3597 1758 3597 2059 3584 2081 3601 2081 3606 2085 3606 2089 3606 2094 3606 2342 3575 2408 3606 2412 3606 2417 3606 2421 3606 2425 3606 2456 3584 2508 3606 2513 3606 2517 3606 2696 3580 2726 3601 2731 3601 2735 3601 2739 3601 2840 3588 2979 3614 2984 3614 2988 3614 2993 3614 3014 3593 3080 3614 3084 3614 3088 3614 3093 3614 3167 3593 3324 3619 3328 3619 3333 3619 3337 3619 3376 3584 3381 3549 3381 3440 3049 3383 2962 3383 2958 3383 2953 3383 2857 3431 2787 3383 2783 3383 2779 3383 2774 3383 2770 3383 2683 3405 2657 3383 2657 3379 2652 3379 2648 3379 2643 3379 2639 3379 2491 3427 2373 3401 2369 3401 1945 3418 1862 3370 1858 3370 1854 3370 1849 3370 1845 3370 1758 3409 1723 3383 1719 3383 1714 3383 1710 3383 1705 3383 1701 3383 1666 3414 1465 3366 1387 3366 1383 3366 1378 3366 1374 3366 1317 3405 1230 3401 1191 3366 1191 3361 1186 3361 1182 3361 1178 3361 977 3405 833 3357 828 3357 824 3357 711 3379 711 3514"/></Shape>
            <String CONTENT="Et effacé: par foy tout eſt loiſible."
                    HPOS="706"
                    VPOS="3357"
                    WIDTH="2675"
                    HEIGHT="262"
                    WC="0.9920897138746161"></String>
          </TextLine>
          <TextLine ID="eSc_line_307ef7aa"
                    TAGREFS="LT8"
                    BASELINE="732 3723 3093 3745" 
                    HPOS="728"
                    VPOS="3553"
                    WIDTH="2365"
                    HEIGHT="266">
            <Shape><Polygon POINTS="732 3723 728 3776 746 3789 750 3789 754 3789 759 3789 763 3789 824 3763 1012 3763 1077 3798 1082 3798 1086 3798 1090 3798 1199 3763 1356 3806 1361 3806 1365 3811 1474 3811 1474 3806 1479 3806 1483 3806 1483 3802 1513 3776 1636 3789 1640 3789 1644 3789 1649 3789 1649 3784 1671 3767 1815 3802 1819 3802 2116 3776 2207 3815 2212 3815 2216 3815 2521 3776 2613 3819 2617 3819 2622 3819 3088 3776 3093 3745 3088 3632 2988 3632 2936 3580 2936 3575 2931 3575 2927 3575 2792 3575 2787 3575 2783 3575 2700 3619 2626 3571 2622 3571 2617 3571 2613 3571 2504 3580 2499 3580 2495 3580 2495 3584 2469 3610 2386 3571 2382 3571 2377 3571 2373 3571 2260 3627 2150 3627 2028 3566 2024 3566 2020 3566 2015 3566 2011 3566 1945 3623 1849 3623 1758 3571 1753 3571 1749 3571 1745 3571 1740 3571 1671 3619 1483 3619 1304 3562 1300 3562 1295 3562 1291 3562 1287 3562 1204 3614 1125 3610 1077 3562 1077 3558 1073 3558 1068 3558 1064 3558 1060 3558 968 3601 881 3558 876 3558 732 3553 732 3723"/></Shape>
            <String CONTENT="Il a briſé par ſon ſang le ſigille"
                    HPOS="728"
                    VPOS="3553"
                    WIDTH="2365"
                    HEIGHT="266"
                    WC="0.9901718497276306"></String>
          </TextLine>
          <TextLine ID="eSc_line_1144864a"
                    TAGREFS="LT8"
                    BASELINE="711 3924 3075 3955" 
                    HPOS="706"
                    VPOS="3780"
                    WIDTH="2369"
                    HEIGHT="244">
            <Shape><Polygon POINTS="711 3924 706 3972 933 3972 964 3998 968 3998 972 3998 1147 4002 1151 4002 1156 4002 1160 4002 1208 3972 1317 3972 1479 4007 1483 4007 1828 3985 1854 4007 1854 4011 1858 4011 1862 4011 1867 4011 2264 3985 2517 4016 2521 4016 2526 4016 2530 4016 2569 3989 2683 3989 2761 4024 2766 4024 2770 4024 2774 4024 2779 4024 2809 3998 2875 4020 2879 4020 2883 4020 3071 3989 3075 3955 3071 3854 2840 3824 2835 3824 2831 3824 2761 3850 2517 3824 2513 3824 2395 3846 2225 3815 2220 3815 2216 3815 2155 3841 2054 3798 2050 3798 2046 3798 1736 3837 1675 3798 1671 3798 1666 3798 1662 3798 1657 3798 1544 3832 1505 3798 1505 3793 1500 3793 1496 3793 1492 3793 1487 3793 1396 3819 1361 3793 1361 3789 1356 3789 1352 3789 1348 3789 1108 3828 711 3780 711 3924"/></Shape>
            <String CONTENT="De peché, qui eſtoit enraciné"
                    HPOS="706"
                    VPOS="3780"
                    WIDTH="2369"
                    HEIGHT="244"
                    WC="0.9745427869981335"></String>
          </TextLine>
          <TextLine ID="eSc_line_42bd6f8c"
                    TAGREFS="LT8"
                    BASELINE="684 4133 3551 4164" 
                    HPOS="680"
                    VPOS="3972"
                    WIDTH="2871"
                    HEIGHT="249">
            <Shape><Polygon POINTS="3520 4029 3477 4007 3459 3998 3355 4037 3315 4002 3315 3998 3311 3998 3307 3998 3167 3998 3163 3998 3158 3998 3102 4024 3067 3998 3062 3998 3058 3998 3054 3998 3049 3998 2958 4033 2918 3998 2918 3994 2914 3994 2910 3994 2818 3994 2814 3994 2809 3994 2805 3994 2770 4024 2709 3998 2705 3998 2700 3998 2696 3998 2643 4024 2604 4007 2600 4007 2595 4007 2591 4007 2587 4007 2547 4033 2325 4033 2273 3985 2268 3985 2264 3985 1993 3985 1989 3985 1985 3985 1893 4024 1732 4024 1662 3985 1657 3985 1653 3985 1649 3985 1579 4024 1492 4024 1313 3976 1308 3976 1304 3976 1073 4016 990 4016 938 3972 933 3972 929 3972 924 3972 684 3994 684 4133 680 4177 3542 4221 3551 4164 3551 4042 3520 4029"/></Shape>
            <String CONTENT="En noſtre chair, helas poure obſtiné"
                    HPOS="680"
                    VPOS="3972"
                    WIDTH="2871"
                    HEIGHT="249"
                    WC="0.9919382591505308"></String>
          </TextLine>
          <TextLine ID="eSc_line_b00541fb"
                    TAGREFS="LT8"
                    BASELINE="724 4334 3516 4369" 
                    HPOS="719"
                    VPOS="4181"
                    WIDTH="2797"
                    HEIGHT="262">
            <Shape><Polygon POINTS="724 4334 719 4373 868 4377 903 4408 907 4408 911 4408 916 4408 920 4408 924 4408 959 4386 1156 4412 1160 4412 1352 4386 1383 4412 1387 4412 1391 4412 1396 4412 1400 4412 1404 4412 1435 4391 1644 4421 1649 4421 1653 4421 1767 4391 1823 4425 1828 4425 1832 4425 1836 4425 2024 4395 2133 4430 2137 4430 2142 4434 2338 4434 2338 4430 2342 4430 2347 4430 2390 4399 2561 4434 2565 4434 2709 4404 2783 4404 2814 4434 2814 4439 2818 4439 2822 4439 2827 4443 3097 4443 3097 4439 3102 4439 3198 4412 3507 4425 3516 4369 3512 4264 3167 4212 3163 4212 3158 4212 3054 4255 2966 4212 2962 4212 2958 4212 2953 4212 2862 4251 2726 4207 2722 4207 2718 4207 2526 4251 1862 4247 1771 4194 1767 4194 1762 4194 1758 4194 1636 4238 1522 4194 1518 4194 1513 4194 1509 4194 1396 4229 1348 4190 1343 4190 1339 4190 1195 4190 1191 4190 1186 4190 1182 4190 1121 4234 1073 4207 1068 4207 1064 4207 946 4225 863 4186 859 4186 724 4181 724 4334"/></Shape>
            <String CONTENT="Vien à Ieſus, foy t’apprendra le ſtile."
                    HPOS="719"
                    VPOS="4181"
                    WIDTH="2797"
                    HEIGHT="262"
                    WC="0.9870211407542229"></String>
          </TextLine>
          <TextLine ID="eSc_line_6d493cdf"
                    TAGREFS="LT8"
                    BASELINE="772 4548 3926 4587" 
                    HPOS="767"
                    VPOS="4391"
                    WIDTH="3159"
                    HEIGHT="266">
            <Shape><Polygon POINTS="772 4548 767 4582 1103 4587 1304 4626 1308 4626 1313 4626 1374 4596 1465 4630 1470 4630 1474 4630 1762 4600 1815 4635 1819 4635 1823 4635 1828 4635 2111 4613 2172 4639 2177 4639 2582 4643 2587 4643 2591 4643 2595 4643 2639 4613 2779 4613 2984 4643 2988 4643 3171 4622 3411 4652 3416 4652 3573 4622 3686 4657 3691 4657 3695 4657 3922 4652 3926 4587 3926 4473 3760 4425 3756 4425 3752 4425 3224 4465 2984 4421 2979 4421 2975 4421 2883 4460 2739 4460 2521 4408 2390 4408 2386 4408 2382 4408 2281 4452 1985 4452 1828 4399 1823 4399 1819 4399 1815 4399 1749 4434 1705 4399 1701 4399 1697 4399 1605 4399 1601 4399 1596 4399 1592 4399 1531 4439 933 4391 929 4391 924 4391 920 4391 859 4434 772 4434 772 4548"/></Shape>
            <String CONTENT="Chante d’eſprit quãd tu coux ou tu files,"
                    HPOS="767"
                    VPOS="4391"
                    WIDTH="3159"
                    HEIGHT="266"
                    WC="0.9962195565060872"></String>
          </TextLine>
          <TextLine ID="eSc_line_b48c2e60"
                    TAGREFS="LT8"
                    BASELINE="702 4748 3254 4774" 
                    HPOS="698"
                    VPOS="4600"
                    WIDTH="2556"
                    HEIGHT="240">
            <Shape><Polygon POINTS="702 4748 698 4796 1439 4796 1579 4822 1583 4822 1719 4800 1976 4831 1980 4831 2334 4805 2399 4835 2404 4835 2408 4835 2722 4809 2905 4840 2910 4840 3250 4809 3254 4774 3250 4648 3006 4626 3001 4626 2997 4626 2888 4657 2722 4622 2718 4622 2713 4622 2648 4657 2561 4635 2556 4635 2552 4635 2425 4657 2172 4622 2168 4622 2164 4622 2081 4652 1897 4630 1893 4630 1561 4648 1452 4648 1391 4609 1387 4609 1383 4609 1378 4609 1164 4643 1116 4613 1112 4613 1108 4613 1103 4613 911 4639 876 4609 876 4604 872 4604 868 4604 702 4600 702 4748"/></Shape>
            <String CONTENT="Et note bien ce que i’ay ramené:"
                    HPOS="698"
                    VPOS="4600"
                    WIDTH="2556"
                    HEIGHT="240"
                    WC="0.9789557475032229"></String>
          </TextLine>
          <TextLine ID="eSc_line_fc190070"
                    TAGREFS="LT8"
                    BASELINE="702 4953 3503 4984" 
                    HPOS="698"
                    VPOS="4792"
                    WIDTH="2805"
                    HEIGHT="231">
            <Shape><Polygon POINTS="702 4953 698 4992 3494 5023 3503 4984 3503 4831 3411 4822 3407 4822 3403 4822 3398 4822 3342 4862 2739 4862 2705 4831 2700 4831 2696 4831 2691 4831 2469 4853 2425 4818 2425 4814 2421 4814 2417 4814 2238 4809 2233 4809 2229 4809 2146 4840 2072 4809 2068 4809 1928 4809 1924 4809 1919 4809 1915 4809 1854 4848 1710 4848 1671 4814 1671 4809 1666 4809 1662 4809 1570 4805 1566 4805 1335 4840 1247 4800 1243 4800 1239 4800 1234 4800 1125 4840 1064 4796 1060 4796 1055 4796 702 4792 702 4953"/></Shape>
            <String CONTENT="En la chanſon, s’il eſt bien retourné"
                    HPOS="698"
                    VPOS="4792"
                    WIDTH="2805"
                    HEIGHT="231"
                    WC="0.9717127492553309"></String>
          </TextLine>
          <TextLine ID="eSc_line_495d38e7"
                    TAGREFS="LT8"
                    BASELINE="702 5167 3307 5193" 
                    HPOS="698"
                    VPOS="5010"
                    WIDTH="2609"
                    HEIGHT="240">
            <Shape><Polygon POINTS="702 5167 698 5215 968 5206 1003 5228 1007 5228 1012 5228 1016 5228 1020 5228 1025 5228 1060 5206 1313 5232 1317 5232 1496 5210 1749 5237 1753 5237 1998 5215 2264 5241 2268 5241 2273 5241 2316 5219 2438 5245 2443 5245 2792 5223 2866 5250 2870 5250 2875 5250 3302 5223 3307 5193 3302 5080 3119 5080 3071 5036 3067 5036 3062 5036 3058 5036 2683 5062 2626 5032 2622 5032 2617 5032 2613 5032 2482 5071 2386 5027 2382 5027 2294 5027 2290 5027 2286 5027 2281 5027 2225 5071 2033 5071 1993 5027 1993 5023 1989 5023 1985 5023 1980 5023 1605 5062 1505 5018 1500 5018 1431 5018 1426 5018 1422 5018 1417 5018 1417 5023 1383 5058 1138 5058 1038 5058 1007 5027 1007 5023 1003 5023 999 5023 994 5023 990 5023 938 5049 702 5010 702 5167"/></Shape>
            <String CONTENT="Et entendu, ce ſont choſes vtiles."
                    HPOS="698"
                    VPOS="5010"
                    WIDTH="2609"
                    HEIGHT="240"
                    WC="0.9546350258238175"></String>
          </TextLine>
          <TextLine ID="eSc_line_f6ec077b"
                    TAGREFS="LT10"
                    BASELINE="868 5363 3712 5398" 
                    HPOS="863"
                    VPOS="5223"
                    WIDTH="2849"
                    HEIGHT="266">
            <Shape><Polygon POINTS="863 5411 994 5441 999 5441 1160 5420 1212 5463 1217 5463 1221 5463 1225 5468 1570 5468 1570 5463 1575 5463 1666 5428 1902 5428 1993 5472 1998 5472 2002 5472 2142 5441 2281 5476 2286 5476 2290 5481 2434 5481 2434 5476 2438 5476 2504 5441 2534 5463 2539 5463 2543 5463 2547 5463 2552 5463 2604 5446 2814 5468 2818 5468 2997 5441 3128 5485 3132 5485 3136 5485 3141 5485 3228 5450 3355 5489 3359 5489 3363 5489 3542 5450 3704 5455 3712 5398 3712 5298 3603 5254 3599 5254 3438 5254 3433 5254 3429 5254 3324 5289 2979 5263 2975 5263 2643 5284 2561 5250 2556 5250 2552 5250 2547 5250 2486 5284 2303 5284 2238 5237 2233 5237 2229 5237 2225 5237 2220 5237 2216 5237 2185 5267 2063 5267 1928 5232 1924 5232 1919 5232 1915 5232 1910 5232 1858 5271 1780 5232 1775 5232 1771 5232 1623 5263 1583 5232 1583 5228 1579 5228 1575 5228 1570 5228 1566 5228 1561 5228 1496 5271 1417 5271 1365 5228 1361 5228 1356 5228 1352 5228 1348 5228 1247 5258 1212 5228 1212 5223 1208 5223 1204 5223 972 5223 968 5223 964 5223 868 5263 868 5363"/></Shape>
            <String CONTENT="Chanſon ſur le chant, Amour amour, &amp;c."
                    HPOS="863"
                    VPOS="5223"
                    WIDTH="2849"
                    HEIGHT="266"
                    WC="0.9839021701079148"></String>
          </TextLine>
          <TextLine ID="eSc_line_b086ffc5"
                    TAGREFS="LT8"
                    BASELINE="933 5581 2940 5603" 
                    HPOS="929"
                    VPOS="5437"
                    WIDTH="2011"
                    HEIGHT="240">
            <Shape><Polygon POINTS="933 5581 929 5616 1060 5625 1095 5655 1095 5660 1099 5660 1103 5660 1108 5660 1330 5633 1452 5664 1457 5664 1461 5664 1697 5646 1727 5668 1732 5668 1736 5668 1740 5673 1980 5673 1980 5668 1985 5668 1989 5668 1989 5664 2028 5633 2356 5660 2360 5660 2364 5660 2425 5638 2744 5638 2827 5677 2831 5677 2835 5677 2840 5677 2936 5642 2940 5603 2936 5507 2696 5455 2622 5455 2617 5455 2613 5455 2609 5455 2534 5503 2377 5503 2321 5463 2316 5463 2312 5463 2308 5463 2303 5463 2220 5489 2072 5446 2068 5446 2063 5446 1836 5485 1657 5441 1653 5441 1649 5441 1644 5441 1509 5489 1470 5463 1465 5463 1461 5463 1457 5463 1130 5476 1064 5437 1060 5437 1055 5437 933 5437 933 5581"/></Shape>
            <String CONTENT="Eigneur, Seigneur, bis."
                    HPOS="929"
                    VPOS="5437"
                    WIDTH="2011"
                    HEIGHT="240"
                    WC="0.9849105114522188"></String>
          </TextLine>
          <TextLine ID="eSc_line_88f5dfa2"
                    TAGREFS="LT8"
                    BASELINE="962 5785 2901 5808" 
                    HPOS="948"
                    VPOS="5625"
                    WIDTH="1951"
                    HEIGHT="248">
            <Shape><Polygon POINTS="955 5782 948 5860 2886 5873 2899 5801 2899 5677 2820 5638 2814 5638 2807 5638 2801 5638 2683 5670 2630 5631 2624 5631 2617 5631 1976 5625 1969 5625 1963 5625 1956 5625 1910 5664 955 5638 955 5782"/></Shape>
            <String CONTENT="Que tu nous fais de bien:"
                    HPOS="948"
                    VPOS="5625"
                    WIDTH="1951"
                    HEIGHT="248"
                    WC="0.9855248665809632"></String>
          </TextLine>
          <TextLine ID="eSc_line_e5b8ff55"
                    TAGREFS="LT8"
                    BASELINE="702 5995 2924 6008" 
                    HPOS="693"
                    VPOS="5827"
                    WIDTH="2225"
                    HEIGHT="255">
            <Shape><Polygon POINTS="700 5991 693 6030 837 6076 844 6076 850 6076 1086 6043 1223 6076 1230 6076 1236 6076 2369 6050 2905 6082 2918 6004 2918 5893 2774 5840 2768 5840 2761 5840 2022 5886 1989 5860 1989 5854 1982 5854 1976 5854 1969 5854 1714 5873 1380 5834 1374 5834 1151 5873 700 5827 700 5991"/></Shape>
            <String CONTENT="Sans toy Sauueur, bis."
                    HPOS="693"
                    VPOS="5827"
                    WIDTH="2225"
                    HEIGHT="255"
                    WC="0.9959707422689958"></String>
          </TextLine>
          <TextLine ID="eSc_line_b4c12d4f"
                    TAGREFS="LT8"
                    BASELINE="684 6191 2547 6218" 
                    HPOS="680"
                    VPOS="6035"
                    WIDTH="1867"
                    HEIGHT="231">
            <Shape><Polygon POINTS="684 6191 680 6231 2539 6266 2547 6218 2543 6100 2242 6056 2238 6056 2233 6056 2164 6078 2037 6056 2033 6056 2028 6056 2024 6056 1985 6082 1941 6052 1937 6052 1932 6052 1928 6052 1924 6052 1828 6091 1701 6065 1697 6065 1692 6065 1627 6091 1452 6065 1448 6065 1444 6065 1439 6065 1413 6087 999 6087 684 6035 684 6191"/></Shape>
            <String CONTENT="De nous ce ne fuſt rien:"
                    HPOS="680"
                    VPOS="6035"
                    WIDTH="1867"
                    HEIGHT="231"
                    WC="0.9614847525954247"></String>
          </TextLine>
          <TextLine ID="eSc_line_9c7d30d7"
                    TAGREFS="LT8"
                    BASELINE="676 6396 2342 6427" 
                    HPOS="671"
                    VPOS="6239"
                    WIDTH="1671"
                    HEIGHT="293">
            <Shape><Polygon POINTS="676 6396 671 6471 750 6510 754 6510 1034 6514 1038 6514 1042 6514 1143 6475 1387 6523 1391 6527 1566 6527 1566 6523 1570 6523 1575 6523 1575 6519 1614 6484 1902 6514 1906 6514 2098 6492 2194 6532 2198 6532 2203 6532 2338 6510 2342 6427 2342 6318 2107 6314 2068 6283 2063 6283 2059 6283 2054 6283 1889 6296 1841 6257 1836 6257 1832 6257 1740 6257 1736 6257 1732 6257 1727 6257 1727 6261 1684 6301 1383 6248 1378 6248 1374 6248 1369 6248 1313 6292 1090 6253 1086 6253 1082 6253 968 6287 916 6244 916 6239 911 6239 907 6239 903 6239 676 6266 676 6396"/></Shape>
            <String CONTENT="Eſtions abandonnez,"
                    HPOS="671"
                    VPOS="6239"
                    WIDTH="1671"
                    HEIGHT="293"
                    WC="0.9578060256807428"></String>
          </TextLine>
        </TextBlock>
        <TextBlock HPOS="645"
                   VPOS="5409"
                   WIDTH="317"
                   HEIGHT="470"
                   ID="eSc_textblock_caa3b35f"
                   TAGREFS="BT10">
          <Shape><Polygon POINTS="645 5427 645 5834 916 5879 962 5409"/></Shape>
          <TextLine ID="eSc_line_2c896d26"
                    TAGREFS="LT9"
                    BASELINE="689 5782 917 5785" 
                    HPOS="680"
                    VPOS="5402"
                    WIDTH="236"
                    HEIGHT="445">
            <Shape><Polygon POINTS="680 5821 713 5847 719 5847 726 5847 732 5847 909 5814 916 5782 909 5402 693 5422 687 5775"/></Shape>
            <String CONTENT="S"
                    HPOS="680"
                    VPOS="5402"
                    WIDTH="236"
                    HEIGHT="445"
                    WC="0.9958512783050537"></String>
          </TextLine>
        </TextBlock>
        <TextBlock HPOS="3517"
                   VPOS="6468"
                   WIDTH="453"
                   HEIGHT="263"
                   ID="eSc_textblock_35449b9e"
                   TAGREFS="BT17">
          <Shape><Polygon POINTS="3517 6468 3517 6731 3970 6731 3970 6468"/></Shape>
          <TextLine ID="eSc_line_ca5abe0f"
                    TAGREFS="LT8"
                    BASELINE="3603 6649 3913 6641" 
                    HPOS="3599"
                    VPOS="6492"
                    WIDTH="314"
                    HEIGHT="227">
            <Shape><Polygon POINTS="3904 6519 3861 6514 3817 6510 3773 6501 3730 6497 3682 6492 3643 6492 3599 6527 3603 6649 3603 6719 3913 6706 3913 6641 3904 6519 3904 6519"/></Shape>
            <String CONTENT="A la"
                    HPOS="3599"
                    VPOS="6492"
                    WIDTH="314"
                    HEIGHT="227"
                    WC="0.9216586798429489"></String>
          </TextLine>
        </TextBlock>
      </PrintSpace>
    </Page>
  </Layout>
</alto>
