4267 8012
3144 516 276 262 215

832 498 1742 223 SPIRITVELLES.

340 3692 296 527 C

325 770 1363 231 N'a tous leurs droits

316 988 1991 236 Ne ſeruirons, car inhumains

311 1210 2356 227 Et faux ils ſont en tous endroits.

369 1442 2094 213 En Ieſus nous aurons repos

320 1651 2584 227 Qui ouure l’huis, non pas Clement:

307 1851 2124 232 Il ne peut ce, car ſa clef ment.

311 2060 2196 245 Or entendez meſchans ſuppos

311 2283 2138 245 L’Euangile eſt noſtre propos,

316 2488 913 240 Noſtre ſoulas,

307 2706 2075 231 Elle nos fait de ſens compos,

302 2924 2459 245 Mais le Pape nous tient ſous laqs.

409 3222 2806 281 Chanſon ſur le chant, C’eſt à grand

846 3480 1777 236 tort que moy poure endure.

587 3725 2831 274 'Eſt à grand tort que moy meſſe tant

667 3965 441 221 dure,

293 4179 2526 245 Et que ie ſois pour ſi bonne tenue,

293 4397 2722 218 Plus faux erreur n’y a deſſous la nue:

289 4620 2517 236 le ne produy que venin & ordure.

396 4825 2913 258 I’ay trop duré, il eſt tẽps que ie meure,

289 5056 2917 223 A mort, à mort, tout le monde me crie.

285 5261 3024 245 Puis qu’ainſi eſt que chacun me deſcrie,

289 5461 3118 254 Tõber m’en vois, ie ſuis deſia trop meure.

400 5684 3016 276 C’eſt le ſupport que i’ay de vous ſainct

632 5928 419 210 pere:

280 6098 3040 267 Où ſont vos gens, où eſt voſtre clergie?

271 6320 2922 280 Pour vray l’Egliſe en eſt treſmal regie,

276 6552 2806 316 Si mal me vient, ce vous eſt vitupere.
