4267 7656
948 429 375 234 234

1871 401 1552 211 CHANSONS

940 676 2505 217 Et où ſont vos Cardinaux tous,

944 884 2761 238 Pour toſt mettre ordre à ma ruine?

961 1093 2144 246 Trop auez aimé la cuiſine,

961 1310 2808 233 Cependant que pour vous ie hurle:

948 1505 2685 247 Puis qu’il faut qu’à ce coup ie fine

952 1718 2413 242 Donne ſoy garde voſtre mule.

1152 1918 2421 259 La chappe, l’aube, la chaſuble:

940 2126 2012 247 Cà le manipule, l’eſtolle,

965 2335 2353 229 Où eſt l’amiſt que ie l’affuble,

952 2543 2315 255 N’y a-il nul qui me conſole?

948 2764 2391 230 Ie crie icy comme vne folle,

944 2968 2527 247 Emmy ceſte egliſe où ie meurs,

965 3172 2493 251 Dés le temps que ie me deſole

957 3385 2548 251 Perſonne n'oit-il mes clameurs?

1165 3594 2451 251 Mais quoy? ie n’ay pas le loiſir

965 3806 2719 243 De chanter, c’eſt fait, ie ſuis morte:

982 4010 2566 247 Ma fin me vient trop toſt ſaiſir,

965 4219 2808 259 Mon grand mal-heur eſt à la porte.

969 4448 2523 243 Au fort quelcun icy m’apporte

982 4657 2166 247 Quelque deuot reliquiaire:

978 4865 2510 230 A celle fin qu’en quelque ſorte,

978 5061 2497 242 Seruir me puiſſe en ceſt affaire.

1182 5259 2068 270 Apportez corpus domini,

1004 5491 2658 221 Que i’ay en celle armoire enclos.

982 5703 2391 230 Nul ne vient-il à moy?nenny.

978 5903 2906 238 Attachez moy d’vn des ſaincts cloux,

1008 6107 2757 243 Que i’ay' le chef de ſainct Maclous,

1004 6324 2778 298 Ou des Martyrs quelque oſſement,

3896 6533 171 217 Ou
