4267 8012
3117 494 302 293 59

623 502 1755 254 SPIRITVELLES.

102 761 1813 262 Car ie ſuis ta plantation.

173 965 1791 281 Si ie voy batailles leuer

129 1206 2302 245 Contre moy par mes ennemis,

120 1419 2022 241 Tu es fort pour me releuer,

129 1624 2512 249 Quand i’ay mõ eſpoir en toy mis.

227 1838 2396 262 I’ay demandé à mon Seigneur

146 2060 2014 236 Vne choſe de cœur parfait,

146 2234 3003 289 C’eſt qu’il me doint maiſon d’honneur,

146 2479 1907 253 Pour le merite qu’il a fait.

244 2688 2611 258 Or en ſoit fait ſon ſainct vouloir,

142 2902 2766 267 Non point le mien, qui ne vaut rien,

155 3124 2045 254 Et qui de ſoy ne peut valoir

178 3338 2285 236 Choſe qui ſoit, ie l’enten bien.

387 3547 2338 240 Autre Chanſon, ſur le chant,

668 3770 1634 249 C’eſt vne dure departie.

169 3957 3078 293 Le Chrestien prie pour ſes pechés à Dieu ſeul re¬

298 4175 2891 285 dempteur, en la miſericorde duquel ſe conſie.

498 4411 2348 253 Toy Seigeeur, ſans ceſſer crie,

534 4600 2597 314 Et du plus profond de mon cœur:

187 4851 2053 245 Eſcoute ma voix, ie te prie,

209 5060 2374 250 Vueilles entendre ma clameur:

289 5274 2120 245 N’aye regard à mon erreur,

200 5492 2272 232 Porter ne puis mon iniuſtice:

200 5701 2076 250 Ne me iuge point en fureur

204 5915 2352 245 Sois au poure pecheur propice.

325 6129 2040 240 Mon ame du tout ſe confie

222 6342 2356 263 En ton certain parler Seigneur.

222 6538 1644 338 Eſperance me fortifie

207 4399 240 441 A
