4267 8012
2957 445 405 231 197

636 445 1746 231 SPIRITVELLES.

240 698 3154 281 Et les portes d’ẽfer n’õt cõtre moy tenue

329 912 3051 276 Car au milieu d’enfer me trouue le fi¬

360 1157 437 245 dele,

276 1339 3002 285 Qui ſuis ſon Paradis & ſa ioye eternelle.

347 1566 3051 281 Mes enfans ſont à moy ſi treſvnis par

409 1838 477 231 grace,

262 1998 3149 289 Qu'enfer, peché, ne mort n’õt plus en eux

391 2252 704 240 de place.

356 2434 3069 285 Adam plein de peché i’ay mis en croix

405 2692 588 201 auſtere:

262 2870 3069 263 Ie l’ay crucifié, iouant tout ſon myſtere.

347 3097 3064 263 I’ay pris ce vieil Adam & ſa concupi¬

409 3342 642 214 ſcence,

280 3516 3131 280 Lequel i’ay mis à riẽ par foy & cognoiſ¬

440 3770 571 195 ſance.

378 3952 3051 267 l'ay gouſté le morceau de mort en pa¬

449 4219 615 192 tience.

267 4388 3175 250 Nul ne le gouſtera qui ait en moy fiance.

338 4606 3100 250 Entré ſuis és enfers, ſentãt les douleurs

427 4833 521 227 fortes:

271 5034 3171 262 Pour en tirer les miens i’en ay rompu les

458 5292 561 200 portes.

374 5457 3055 276 Nul ne demourra plus des enfers és li¬

449 5733 495 200 mites,

271 5902 3171 244 S'il ſe confie en moy receuãt mes merites.

262 6120 3189 249 Mais s’il ſe veut fier en ſõ labeur & peine

262 6333 3189 290 Eſtimant mon torment, & ma paſſion

253 6574 388 213 vaine.
