<?xml version="1.0" encoding="UTF-8"?>
<alto xmlns:xsi="http://www.w3.org/2001/XMLSchema-instance"
      xmlns="http://www.loc.gov/standards/alto/ns-v4#"
      xsi:schemaLocation="http://www.loc.gov/standards/alto/ns-v4# http://www.loc.gov/standards/alto/v4/alto-4-2.xsd">
  <Description>
    <MeasurementUnit>pixel</MeasurementUnit>
    <sourceImageInformation>
      <fileName>CRRS02_Chansons_spirituelles.pdf_page_76.png</fileName>
      <fileIdentifier>pdf//CRRS02_Chansons_spirituelles.pdf</fileIdentifier>
    </sourceImageInformation>
  </Description>
  <Tags>
    <OtherTag ID="BT7" LABEL="CustomZone" DESCRIPTION="block type CustomZone"/><OtherTag ID="BT8" LABEL="DamageZone" DESCRIPTION="block type DamageZone"/><OtherTag ID="BT9" LABEL="DigitizationArtefactZone" DESCRIPTION="block type DigitizationArtefactZone"/><OtherTag ID="BT10" LABEL="DropCapitalZone" DESCRIPTION="block type DropCapitalZone"/><OtherTag ID="BT11" LABEL="GraphicZone" DESCRIPTION="block type GraphicZone"/><OtherTag ID="BT12" LABEL="MainZone" DESCRIPTION="block type MainZone"/><OtherTag ID="BT13" LABEL="MarginTextZone" DESCRIPTION="block type MarginTextZone"/><OtherTag ID="BT14" LABEL="MusicZone" DESCRIPTION="block type MusicZone"/><OtherTag ID="BT15" LABEL="NumberingZone" DESCRIPTION="block type NumberingZone"/><OtherTag ID="BT17" LABEL="QuireMarksZone" DESCRIPTION="block type QuireMarksZone"/><OtherTag ID="BT18" LABEL="RunningTitleZone" DESCRIPTION="block type RunningTitleZone"/><OtherTag ID="BT19" LABEL="SealZone" DESCRIPTION="block type SealZone"/><OtherTag ID="BT20" LABEL="StampZone" DESCRIPTION="block type StampZone"/><OtherTag ID="BT21" LABEL="TableZone" DESCRIPTION="block type TableZone"/><OtherTag ID="BT22" LABEL="TitlePageZone" DESCRIPTION="block type TitlePageZone"/>
    <OtherTag ID="LT7" LABEL="CustomLine" DESCRIPTION="line type CustomLine"/><OtherTag ID="LT8" LABEL="DefaultLine" DESCRIPTION="line type DefaultLine"/><OtherTag ID="LT9" LABEL="DropCapitalLine" DESCRIPTION="line type DropCapitalLine"/><OtherTag ID="LT10" LABEL="HeadingLine" DESCRIPTION="line type HeadingLine"/><OtherTag ID="LT11" LABEL="InterlinearLine" DESCRIPTION="line type InterlinearLine"/><OtherTag ID="LT12" LABEL="MusicLine" DESCRIPTION="line type MusicLine"/><OtherTag ID="LT1330" LABEL="default" DESCRIPTION="line type default"/>
  </Tags>
  <Layout>
    <Page WIDTH="4267"
          HEIGHT="7849"
          PHYSICAL_IMG_NR="75"
          ID="eSc_dummypage_">
      <PrintSpace HPOS="0"
                  VPOS="0"
                  WIDTH="4267"
                  HEIGHT="7849">
        <TextBlock HPOS="880"
                   VPOS="698"
                   WIDTH="408"
                   HEIGHT="226"
                   ID="eSc_textblock_21e82296"
                   TAGREFS="BT15">
          <Shape><Polygon POINTS="880 698 880 924 1288 924 1288 698"/></Shape>
          <TextLine ID="eSc_line_c7962bf4"
                    TAGREFS="LT8"
                    BASELINE="990 832 1308 832" 
                    HPOS="990"
                    VPOS="697"
                    WIDTH="318"
                    HEIGHT="183">
            <Shape><Polygon POINTS="1121 702 1099 702 990 745 990 832 990 880 1308 867 1308 832 1308 745 1151 697 1121 702"/></Shape>
            <String CONTENT="68"
                    HPOS="990"
                    VPOS="697"
                    WIDTH="318"
                    HEIGHT="183"
                    WC="0.9991551637649536"></String>
          </TextLine>
        </TextBlock>
        <TextBlock HPOS="1850"
                   VPOS="571"
                   WIDTH="1757"
                   HEIGHT="317"
                   ID="eSc_textblock_3feab411"
                   TAGREFS="BT18">
          <Shape><Polygon POINTS="1850 571 1850 888 3607 888 3607 571"/></Shape>
          <TextLine ID="eSc_line_0111b732"
                    TAGREFS="LT10"
                    BASELINE="1917 819 3534 802" 
                    HPOS="1904"
                    VPOS="575"
                    WIDTH="1623"
                    HEIGHT="314">
            <Shape><Polygon POINTS="3239 575 3232 575 2951 627 2513 582 2506 582 2499 582 2493 582 2369 660 1904 660 1910 817 1910 889 3527 869 3527 797 3520 647 3246 575 3239 575"/></Shape>
            <String CONTENT="CHANSONS"
                    HPOS="1904"
                    VPOS="575"
                    WIDTH="1623"
                    HEIGHT="314"
                    WC="0.9941864675945706"></String>
          </TextLine>
        </TextBlock>
        <TextBlock HPOS="926"
                   VPOS="888"
                   WIDTH="3251"
                   HEIGHT="5843"
                   ID="eSc_textblock_b73bd162"
                   TAGREFS="BT12">
          <Shape><Polygon POINTS="926 6731 926 888 2864 888 4177 1604 4165 5435 3199 6722"/></Shape>
          <TextLine ID="eSc_line_aa390f5c"
                    TAGREFS="LT8"
                    BASELINE="986 1090 2089 1072" 
                    HPOS="981"
                    VPOS="902"
                    WIDTH="1108"
                    HEIGHT="218">
            <Shape><Polygon POINTS="986 1090 986 1120 2089 1103 2089 1072 2076 946 1784 950 1714 902 1710 902 1705 902 1701 902 1697 902 1605 924 1535 902 1531 902 1527 902 1234 959 1147 911 1143 911 1138 911 981 911 986 1090"/></Shape>
            <String CONTENT="Auec le Pere:"
                    HPOS="981"
                    VPOS="902"
                    WIDTH="1108"
                    HEIGHT="218"
                    WC="0.9831002079523526"></String>
          </TextLine>
          <TextLine ID="eSc_line_e28b0e9e"
                    TAGREFS="LT8"
                    BASELINE="986 1290 2312 1277" 
                    HPOS="981"
                    VPOS="1125"
                    WIDTH="1331"
                    HEIGHT="235">
            <Shape><Polygon POINTS="986 1290 986 1325 1365 1360 1369 1360 1374 1360 1461 1321 1736 1321 1858 1356 1862 1356 1867 1356 2312 1308 2312 1277 2303 1172 2063 1172 2028 1146 2024 1146 2020 1146 2015 1146 2011 1146 1963 1168 1871 1125 1867 1125 1862 1125 1544 1129 1540 1129 1479 1164 1461 1146 1457 1146 1452 1146 1448 1146 1282 1177 1064 1133 1060 1133 1055 1133 1051 1133 981 1172 986 1290"/></Shape>
            <String CONTENT="Auquel i’eſpere:"
                    HPOS="981"
                    VPOS="1125"
                    WIDTH="1331"
                    HEIGHT="235"
                    WC="0.9985238648951054"></String>
          </TextLine>
          <TextLine ID="eSc_line_5ebf1ebb"
                    TAGREFS="LT8"
                    BASELINE="990 1508 3259 1478" 
                    HPOS="986"
                    VPOS="1321"
                    WIDTH="2273"
                    HEIGHT="240">
            <Shape><Polygon POINTS="990 1508 990 1539 1034 1561 1038 1561 1042 1561 1391 1534 1535 1561 1540 1561 2015 1526 2238 1552 2242 1552 2246 1552 2351 1526 2530 1547 2534 1547 2539 1547 2613 1517 2753 1543 2757 1543 2940 1521 3202 1539 3206 1539 3211 1539 3215 1539 3259 1508 3259 1478 3250 1369 3041 1369 3006 1343 3001 1343 2997 1343 2993 1343 2849 1364 2779 1321 2774 1321 2770 1321 2691 1321 2687 1321 2683 1321 2678 1321 2604 1364 2486 1364 2316 1325 2312 1325 2308 1325 2303 1325 2303 1329 2264 1373 2194 1377 1945 1360 1941 1360 1937 1360 1932 1360 1902 1382 1815 1351 1810 1351 1806 1351 1662 1373 1448 1338 1444 1338 1439 1338 1291 1391 1156 1343 1151 1343 1147 1343 986 1343 990 1508"/></Shape>
            <String CONTENT="Les eſperans n’y ſont deceus."
                    HPOS="986"
                    VPOS="1321"
                    WIDTH="2273"
                    HEIGHT="240"
                    WC="0.9926622592169663"></String>
          </TextLine>
          <TextLine ID="eSc_line_3f5736c2"
                    TAGREFS="LT8"
                    BASELINE="1195 1704 3992 1687" 
                    HPOS="1191"
                    VPOS="1539"
                    WIDTH="2801"
                    HEIGHT="235">
            <Shape><Polygon POINTS="3983 1595 3939 1587 3896 1578 3852 1569 3808 1561 3791 1556 3621 1539 3616 1539 3612 1539 3547 1574 3490 1547 3486 1547 3481 1547 3023 1578 2792 1543 2787 1543 2783 1543 2779 1543 2739 1569 2613 1561 2609 1561 2604 1561 2547 1587 2294 1587 2246 1561 2242 1561 2238 1561 2233 1561 2194 1582 2159 1552 2159 1547 2155 1547 2150 1547 2146 1547 1897 1561 1893 1561 1889 1561 1849 1587 1815 1556 1810 1556 1806 1556 1801 1556 1797 1556 1740 1582 1623 1552 1618 1552 1614 1552 1413 1587 1308 1552 1304 1552 1300 1552 1191 1574 1195 1704 1195 1731 1291 1766 1295 1766 1300 1766 1304 1766 1383 1735 1609 1757 1614 1757 1714 1739 1753 1770 1753 1774 1758 1774 1762 1774 1767 1774 1771 1774 1876 1735 2072 1735 2164 1761 2168 1761 2172 1761 2177 1761 2255 1739 2290 1766 2290 1770 2294 1770 2299 1770 2303 1774 2412 1774 2412 1770 2417 1770 2482 1735 2582 1770 2587 1770 2591 1770 2770 1731 2814 1766 2818 1766 2822 1766 2827 1770 2953 1770 2953 1766 2958 1766 2962 1766 2962 1761 3001 1726 3150 1752 3154 1752 3158 1752 3250 1731 3346 1761 3350 1761 3355 1766 3429 1766 3429 1761 3433 1761 3438 1761 3438 1757 3477 1722 3987 1752 3992 1687 3983 1595 3983 1595"/></Shape>
            <String CONTENT="En ſon pur ſang a purge nos pechez,"
                    HPOS="1191"
                    VPOS="1539"
                    WIDTH="2801"
                    HEIGHT="235"
                    WC="0.9978944846561977"></String>
          </TextLine>
          <TextLine ID="eSc_line_bde5ac9d"
                    TAGREFS="LT8"
                    BASELINE="986 1901 3791 1888" 
                    HPOS="981"
                    VPOS="1739"
                    WIDTH="2810"
                    HEIGHT="218">
            <Shape><Polygon POINTS="986 1901 986 1957 1090 1936 1265 1957 1269 1957 1273 1957 1361 1936 1701 1957 1705 1957 1710 1957 1758 1936 2041 1953 2046 1953 2050 1953 2098 1931 2164 1953 2168 1953 2172 1953 2329 1931 2443 1953 2447 1953 2451 1953 2499 1931 2561 1953 2565 1953 2569 1953 2574 1953 2578 1953 2613 1931 2722 1953 2726 1953 3119 1927 3193 1949 3198 1949 3202 1949 3787 1931 3791 1888 3787 1779 3651 1739 3647 1739 3643 1739 3638 1739 3577 1766 3424 1739 3420 1739 3416 1739 3411 1739 3411 1744 3376 1774 3298 1748 3294 1748 3289 1748 3285 1748 3280 1748 3241 1779 2853 1779 2809 1744 2805 1744 2801 1744 2796 1744 2792 1744 2709 1779 2434 1744 2430 1744 2425 1744 2421 1744 2373 1774 2037 1744 2033 1744 1854 1783 1775 1748 1771 1748 1767 1748 1575 1783 981 1757 986 1901"/></Shape>
            <String CONTENT="Pour n’eſtre plus és ordures cachez,"
                    HPOS="981"
                    VPOS="1739"
                    WIDTH="2810"
                    HEIGHT="218"
                    WC="0.9880901881166406"></String>
          </TextLine>
          <TextLine ID="eSc_line_90966b45"
                    TAGREFS="LT8"
                    BASELINE="981 2110 3669 2088 4150 2101" 
                    HPOS="968"
                    VPOS="1890"
                    WIDTH="3181"
                    HEIGHT="275">
            <Shape><Polygon POINTS="3115 1890 2598 1936 2558 1903 2552 1903 2545 1903 2225 1896 2218 1896 1976 1942 1930 1903 1924 1903 1917 1903 1302 1903 1295 1903 1289 1903 1282 1903 1282 1909 1243 1942 1053 1909 1047 1909 1040 1909 968 1942 975 2106 975 2165 4142 2158 4149 2099 4142 1929 3121 1890 3115 1890"/></Shape>
            <String CONTENT="Par luy plaiſant deuãt Dieu l’hõme eſt fait"
                    HPOS="968"
                    VPOS="1890"
                    WIDTH="3181"
                    HEIGHT="275"
                    WC="0.9812415970696343"></String>
          </TextLine>
          <TextLine ID="eSc_line_35b0ca2c"
                    TAGREFS="LT8"
                    BASELINE="1003 2315 3542 2298" 
                    HPOS="999"
                    VPOS="2127"
                    WIDTH="2543"
                    HEIGHT="245">
            <Shape><Polygon POINTS="1003 2315 1003 2345 1143 2372 1147 2372 1151 2372 1221 2350 1339 2372 1343 2372 1771 2345 2068 2367 2072 2367 2438 2363 2443 2363 2486 2341 2543 2363 2547 2363 2552 2363 2766 2341 2914 2359 2918 2359 2923 2359 2971 2337 3084 2359 3088 2359 3219 2337 3538 2345 3542 2298 3534 2188 3302 2188 3241 2132 3241 2127 3237 2127 3232 2127 3001 2127 2997 2127 2993 2127 2879 2193 2774 2193 2709 2141 2705 2141 2700 2141 2696 2141 2691 2141 2582 2188 2399 2188 2342 2136 2342 2132 2338 2132 2334 2132 2329 2132 2325 2132 2107 2193 2050 2149 2046 2149 2041 2149 2037 2149 2033 2149 2028 2149 2028 2154 1993 2188 1919 2193 1849 2136 1845 2136 1841 2136 1684 2136 1679 2136 1675 2136 1671 2136 1671 2141 1623 2184 1535 2141 1531 2141 1527 2141 1522 2141 1313 2197 1160 2154 1156 2154 1151 2154 999 2158 1003 2315"/></Shape>
            <String CONTENT="Tous ſes eleus y ſont mondifiez,"
                    HPOS="999"
                    VPOS="2127"
                    WIDTH="2543"
                    HEIGHT="245"
                    WC="0.980531195178628"></String>
          </TextLine>
          <TextLine ID="eSc_line_9d58ff0b"
                    TAGREFS="LT8"
                    BASELINE="1012 2516 3512 2502" 
                    HPOS="1007"
                    VPOS="2324"
                    WIDTH="2505"
                    HEIGHT="266">
            <Shape><Polygon POINTS="1012 2516 1012 2550 1160 2590 1164 2590 1579 2550 1710 2555 1740 2585 1740 2590 1745 2590 1749 2590 1753 2590 1967 2550 2146 2568 2150 2568 2155 2568 2220 2546 2299 2572 2303 2572 2308 2572 2312 2572 2369 2546 2456 2568 2460 2568 2465 2568 2469 2568 2543 2550 2613 2572 2617 2572 2622 2572 2626 2572 2678 2546 2713 2577 2713 2581 2718 2581 2722 2581 2726 2585 2862 2585 2862 2581 2866 2581 2988 2542 3163 2550 3193 2581 3198 2581 3202 2581 3206 2581 3211 2581 3337 2542 3446 2577 3451 2577 3455 2577 3459 2577 3512 2555 3512 2502 3503 2380 3342 2380 3285 2328 3280 2328 3276 2328 2757 2324 2753 2324 2748 2324 2626 2359 2595 2332 2591 2332 2587 2332 2582 2332 2390 2354 2216 2328 2212 2328 2207 2328 2046 2376 1950 2328 1945 2328 1941 2328 1937 2328 1828 2389 1692 2389 1618 2337 1614 2337 1609 2337 1605 2337 1601 2337 1596 2337 1522 2389 1208 2389 1125 2350 1121 2350 1116 2350 1112 2350 1007 2389 1012 2516"/></Shape>
            <String CONTENT="Qui en luy ſeul ſe ſont glorifiez,"
                    HPOS="1007"
                    VPOS="2324"
                    WIDTH="2505"
                    HEIGHT="266"
                    WC="0.9972734503886279"></String>
          </TextLine>
          <TextLine ID="eSc_line_131a711c"
                    TAGREFS="LT8"
                    BASELINE="999 2720 4040 2707" 
                    HPOS="994"
                    VPOS="2520"
                    WIDTH="3046"
                    HEIGHT="275">
            <Shape><Polygon POINTS="4005 2581 3961 2546 3939 2529 3935 2529 3821 2529 3817 2529 3813 2529 3734 2564 3608 2520 3603 2520 3599 2520 3237 2572 3154 2520 3150 2520 3145 2520 3023 2520 3019 2520 3014 2520 2827 2581 2757 2581 2691 2529 2687 2529 2683 2529 2015 2524 2011 2524 1880 2533 1876 2533 1871 2533 1797 2585 1169 2585 1068 2550 1064 2550 1060 2550 1055 2550 994 2581 999 2720 999 2755 1112 2777 1116 2777 1247 2755 1326 2795 1330 2795 1335 2795 1339 2795 1435 2755 1583 2755 1788 2795 1793 2795 1797 2795 1954 2755 2098 2790 2102 2790 2107 2795 2233 2795 2233 2790 2238 2790 2242 2790 2303 2751 2347 2790 2351 2790 2356 2790 2360 2790 2364 2790 2491 2751 2565 2782 2569 2782 2574 2782 2578 2782 2665 2760 2700 2790 2705 2790 2709 2790 2713 2790 3320 2747 3429 2747 3477 2786 3481 2786 3486 2786 3490 2790 3603 2790 3603 2786 3608 2786 3612 2786 3664 2751 3926 2773 3931 2773 4035 2751 4040 2707 4035 2607 4005 2581"/></Shape>
            <String CONTENT="Croyans par foy que luy ſeul eſt parfait:"
                    HPOS="994"
                    VPOS="2520"
                    WIDTH="3046"
                    HEIGHT="275"
                    WC="0.957605267443308"></String>
          </TextLine>
          <TextLine ID="eSc_line_c75a5fb7"
                    TAGREFS="LT8"
                    BASELINE="981 2925 2652 2939" 
                    HPOS="977"
                    VPOS="2742"
                    WIDTH="1675"
                    HEIGHT="253">
            <Shape><Polygon POINTS="981 2925 977 2956 1038 2986 1042 2986 1047 2986 1051 2986 1134 2965 1422 2986 1426 2986 1431 2986 1435 2986 1435 2982 1457 2965 1479 2986 1483 2986 1487 2986 1492 2986 1819 2965 2050 2986 2054 2986 2059 2986 2063 2986 2094 2965 2155 2991 2159 2991 2164 2991 2168 2991 2172 2991 2203 2969 2526 2969 2639 2995 2652 2939 2648 2812 2513 2803 2460 2755 2456 2755 2451 2755 2447 2755 2443 2755 2281 2803 2220 2782 2216 2782 2212 2782 2094 2808 2020 2751 2015 2751 2011 2751 1815 2751 1810 2751 1806 2751 1801 2751 1732 2808 1666 2808 1431 2777 1426 2777 1217 2790 1112 2747 1108 2747 981 2742 981 2925"/></Shape>
            <String CONTENT="L’Agneau ſans tache,"
                    HPOS="977"
                    VPOS="2742"
                    WIDTH="1675"
                    HEIGHT="253"
                    WC="0.9571083396673202"></String>
          </TextLine>
          <TextLine ID="eSc_line_b25f30c3"
                    TAGREFS="LT8"
                    BASELINE="972 3135 2233 3130" 
                    HPOS="968"
                    VPOS="2934"
                    WIDTH="1265"
                    HEIGHT="249">
            <Shape><Polygon POINTS="1972 2934 1950 2934 1915 2952 1618 2939 1614 2939 1609 2939 1605 2939 1557 2978 1483 2952 1479 2952 1474 2952 1470 2952 1374 3000 1273 3000 1195 2934 1191 2934 1186 2934 1182 2934 968 2939 972 3135 972 3170 2229 3183 2233 3130 2220 3000 2050 3000 1976 2934 1972 2934"/></Shape>
            <String CONTENT="Mis à l’attache,"
                    HPOS="968"
                    VPOS="2934"
                    WIDTH="1265"
                    HEIGHT="249"
                    WC="0.9863832803333507"></String>
          </TextLine>
          <TextLine ID="eSc_line_4a8044e7"
                    TAGREFS="LT8"
                    BASELINE="981 3340 2190 3331" 
                    HPOS="977"
                    VPOS="3174"
                    WIDTH="1213"
                    HEIGHT="196">
            <Shape><Polygon POINTS="981 3340 981 3370 2185 3366 2190 3331 2181 3218 1958 3213 1876 3174 1871 3174 1867 3174 1862 3174 1858 3174 1797 3218 1605 3218 1553 3178 1548 3178 1544 3178 1448 3178 1444 3178 1439 3178 1435 3178 1383 3218 977 3187 981 3340"/></Shape>
            <String CONTENT="Sans ſe cacher,"
                    HPOS="977"
                    VPOS="3174"
                    WIDTH="1213"
                    HEIGHT="196"
                    WC="0.9895569841066997"></String>
          </TextLine>
          <TextLine ID="eSc_line_51a4e53a"
                    TAGREFS="LT8"
                    BASELINE="990 3549 2277 3536" 
                    HPOS="986"
                    VPOS="3370"
                    WIDTH="1291"
                    HEIGHT="223">
            <Shape><Polygon POINTS="990 3549 990 3593 2277 3593 2277 3536 2268 3423 1998 3409 1963 3375 1963 3370 1958 3370 1954 3370 1950 3370 1945 3370 1841 3423 1801 3388 1801 3383 1797 3383 1793 3383 1788 3383 1784 3383 1740 3401 1705 3375 1701 3375 1697 3375 1692 3375 1688 3375 1570 3405 1474 3375 1470 3375 1465 3375 1461 3375 1457 3375 1400 3423 1191 3427 1116 3388 1112 3388 1108 3388 986 3388 990 3549"/></Shape>
            <String CONTENT="Pour deſtacher,"
                    HPOS="986"
                    VPOS="3370"
                    WIDTH="1291"
                    HEIGHT="223"
                    WC="0.9990361332893372"></String>
          </TextLine>
          <TextLine ID="eSc_line_b7465848"
                    TAGREFS="LT8"
                    BASELINE="990 3745 2255 3736" 
                    HPOS="986"
                    VPOS="3593"
                    WIDTH="1269"
                    HEIGHT="209">
            <Shape><Polygon POINTS="990 3745 990 3802 2251 3776 2255 3736 2246 3632 2046 3632 1998 3601 1993 3601 1989 3601 1985 3601 1806 3627 1749 3593 1745 3593 1740 3593 1736 3593 1732 3593 1614 3632 1579 3601 1579 3597 1575 3597 1570 3597 1566 3597 1561 3597 1461 3632 1252 3597 1247 3597 1138 3619 1082 3601 1077 3601 1073 3601 1068 3601 986 3632 990 3745"/></Shape>
            <String CONTENT="Auſsi demettre"
                    HPOS="986"
                    VPOS="3593"
                    WIDTH="1269"
                    HEIGHT="209"
                    WC="0.9454776006085532"></String>
          </TextLine>
          <TextLine ID="eSc_line_57708a2c"
                    TAGREFS="LT8"
                    BASELINE="990 3950 2556 3941" 
                    HPOS="986"
                    VPOS="3793"
                    WIDTH="1570"
                    HEIGHT="196">
            <Shape><Polygon POINTS="990 3950 990 3989 2552 3989 2556 3941 2543 3819 2377 3828 2321 3793 2316 3793 2312 3793 2207 3793 2203 3793 2198 3793 2194 3793 2194 3798 2155 3832 1867 3832 1714 3798 1710 3798 1705 3798 1614 3832 1265 3811 1260 3811 1256 3811 1252 3811 1221 3832 1173 3798 1169 3798 1164 3798 1160 3798 986 3798 990 3950"/></Shape>
            <String CONTENT="Comme le maiſtre,"
                    HPOS="986"
                    VPOS="3793"
                    WIDTH="1570"
                    HEIGHT="196"
                    WC="0.9989548185292412"></String>
          </TextLine>
          <TextLine ID="eSc_line_7572fdb0"
                    TAGREFS="LT8"
                    BASELINE="977 4168 3394 4138" 
                    HPOS="972"
                    VPOS="3959"
                    WIDTH="2422"
                    HEIGHT="266">
            <Shape><Polygon POINTS="977 4168 977 4199 1055 4225 1060 4225 1064 4225 1317 4194 1452 4216 1457 4216 1793 4186 2137 4186 2172 4212 2177 4212 2181 4212 2185 4212 2360 4181 2691 4207 2696 4207 2971 4203 2975 4203 2979 4203 3023 4177 3385 4186 3394 4138 3381 4007 3202 4007 3136 3959 3132 3959 3128 3959 3123 3959 2831 3963 2827 3963 2822 3963 2766 4016 2683 4016 2635 3976 2635 3972 2630 3972 2626 3972 2530 3968 2526 3968 2521 3968 2517 3968 2451 4020 2329 4024 1910 4024 1862 3981 1862 3976 1858 3976 1854 3976 1849 3976 1845 3976 1841 3976 1797 4002 1583 3981 1579 3981 1575 3981 1452 4016 1304 3981 1300 3981 1295 3981 1291 3981 1230 4033 1121 3985 1116 3985 972 3985 977 4168"/></Shape>
            <String CONTENT="Le vieil Adam qui fait pecher:"
                    HPOS="972"
                    VPOS="3959"
                    WIDTH="2422"
                    HEIGHT="266"
                    WC="0.9756310224533081"></String>
          </TextLine>
          <TextLine ID="eSc_line_5c5a1989"
                    TAGREFS="LT8"
                    BASELINE="1186 4360 4092 4351" 
                    HPOS="1182"
                    VPOS="4177"
                    WIDTH="2910"
                    HEIGHT="244">
            <Shape><Polygon POINTS="4061 4242 4044 4229 4013 4229 3957 4177 3952 4177 3948 4177 3525 4177 3520 4177 3516 4177 3403 4229 3254 4203 3250 4203 3246 4203 3241 4203 3206 4229 3088 4207 3084 4207 3080 4207 3075 4207 3041 4234 2761 4234 2652 4177 2648 4177 2643 4177 2639 4177 2635 4177 2539 4234 2364 4221 2325 4186 2325 4181 2321 4181 2316 4181 2312 4181 2308 4181 2303 4181 2216 4234 2050 4181 2046 4181 2041 4181 2037 4181 2033 4181 1941 4238 1806 4238 1714 4181 1710 4181 1705 4181 1701 4181 1697 4181 1518 4238 1417 4238 1317 4190 1313 4190 1208 4181 1204 4181 1199 4181 1195 4181 1195 4186 1182 4194 1186 4360 1186 4391 1343 4412 1348 4412 1487 4391 1531 4417 1535 4417 1540 4417 1544 4417 1727 4391 1797 4421 1801 4421 1806 4421 1810 4421 1932 4391 2198 4417 2203 4417 2207 4417 2212 4417 2212 4412 2233 4395 2504 4412 2508 4412 2643 4386 2783 4386 2818 4412 2818 4417 2822 4417 2827 4417 2831 4417 2835 4417 2931 4391 2971 4417 2975 4417 2979 4417 2984 4417 3106 4391 3254 4417 3259 4417 3529 4386 3590 4417 3595 4417 3599 4417 4088 4408 4092 4351 4083 4303 4061 4242"/></Shape>
            <String CONTENT="Mon doux Ieſus, à toy requiers pardon"
                    HPOS="1182"
                    VPOS="4177"
                    WIDTH="2910"
                    HEIGHT="244"
                    WC="0.9856233047811609"></String>
          </TextLine>
          <TextLine ID="eSc_line_9cbdf234"
                    TAGREFS="LT8"
                    BASELINE="981 4574 4070 4556" 
                    HPOS="977"
                    VPOS="4382"
                    WIDTH="3093"
                    HEIGHT="253">
            <Shape><Polygon POINTS="981 4574 981 4617 1151 4635 1156 4635 1527 4604 1688 4630 1692 4630 1697 4630 1780 4600 1858 4622 1862 4622 1867 4626 1867 4622 1871 4622 1954 4600 2438 4630 2443 4630 2447 4630 2526 4596 2722 4596 2796 4626 2801 4626 2805 4630 2949 4630 2949 4626 2953 4626 3006 4604 3141 4622 3145 4622 3150 4622 3154 4622 3184 4600 3276 4617 3280 4617 3438 4596 3490 4622 3494 4622 3499 4626 3660 4626 3660 4622 3664 4622 3752 4591 4066 4617 4070 4556 4066 4430 3987 4382 3983 4382 3979 4382 3778 4382 3773 4382 3769 4382 3677 4434 3603 4382 3599 4382 3595 4382 3420 4382 3416 4382 3411 4382 3285 4439 3041 4417 3036 4417 2901 4439 2827 4386 2822 4386 2818 4386 2534 4386 2530 4386 2526 4386 2521 4386 2451 4447 2373 4447 2299 4391 2294 4391 2290 4391 2203 4391 2198 4391 2194 4391 2190 4391 2124 4443 1932 4421 1928 4421 1736 4447 1579 4408 1575 4408 1570 4408 1566 4408 1561 4408 1561 4412 1522 4447 1164 4447 1082 4395 1077 4395 1073 4395 1068 4395 1064 4395 977 4425 981 4574"/></Shape>
            <String CONTENT="A ioinctes mains, par foy, &amp; non par don:"
                    HPOS="977"
                    VPOS="4382"
                    WIDTH="3093"
                    HEIGHT="253"
                    WC="0.9621516088160073"></String>
          </TextLine>
          <TextLine ID="eSc_line_2172838e"
                    TAGREFS="LT8"
                    BASELINE="968 4774 4061 4774" 
                    HPOS="968"
                    VPOS="4591"
                    WIDTH="3093"
                    HEIGHT="240">
            <Shape><Polygon POINTS="968 4774 968 4814 1993 4831 1998 4831 2002 4831 2006 4831 2046 4809 2953 4809 3272 4831 3276 4831 3390 4809 3699 4831 3704 4831 3708 4831 3712 4831 3747 4809 4061 4809 4061 4774 4061 4652 3896 4626 3891 4626 3608 4648 3520 4613 3516 4613 3512 4613 3507 4613 3442 4630 3398 4591 3394 4591 3390 4591 2936 4591 2931 4591 2927 4591 2835 4626 2805 4600 2805 4596 2801 4596 2796 4596 2705 4591 2700 4591 2696 4591 2539 4652 2198 4652 2037 4591 2033 4591 1727 4591 1723 4591 1719 4591 1714 4591 1662 4639 1575 4652 1291 4652 1173 4609 1169 4609 1164 4609 1160 4609 1121 4630 1068 4591 1064 4591 1060 4591 1055 4591 968 4596 968 4774"/></Shape>
            <String CONTENT="Le cœur fait tout enuers toy, pardonneur."
                    HPOS="968"
                    VPOS="4591"
                    WIDTH="3093"
                    HEIGHT="240"
                    WC="0.9931943620123515"></String>
          </TextLine>
          <TextLine ID="eSc_line_2da1ae1a"
                    TAGREFS="LT8"
                    BASELINE="981 4984 3577 4966" 
                    HPOS="977"
                    VPOS="4796"
                    WIDTH="2600"
                    HEIGHT="244">
            <Shape><Polygon POINTS="981 4984 981 5018 1225 5018 1265 5040 1269 5040 1273 5040 1278 5040 1282 5040 1287 5040 1326 5018 1527 5018 1557 5040 1561 5040 1566 5040 1570 5040 1575 5040 1631 5014 1732 5036 1736 5036 1902 5014 2037 5036 2041 5036 2399 5010 2539 5032 2543 5032 2648 5010 2787 5032 2792 5032 3163 5005 3573 5018 3577 4966 3573 4853 3490 4809 3486 4809 3481 4809 3477 4809 3472 4809 3416 4853 3337 4853 3285 4809 3280 4809 3276 4809 3272 4809 3267 4809 3263 4809 3263 4814 3224 4853 3088 4853 3023 4796 3019 4796 3014 4796 3010 4796 2801 4800 2796 4800 2792 4800 2709 4857 2578 4857 2499 4800 2495 4800 2491 4800 2486 4800 2124 4805 2120 4805 2116 4805 2116 4809 2063 4862 1749 4862 1719 4835 1714 4835 1710 4835 1705 4835 1701 4835 1618 4862 1518 4809 1513 4809 1509 4809 1505 4809 1339 4862 1199 4862 1108 4809 1103 4809 1099 4809 977 4809 981 4984"/></Shape>
            <String CONTENT="Ie ne l’attens par cire ne par don,"
                    HPOS="977"
                    VPOS="4796"
                    WIDTH="2600"
                    HEIGHT="244"
                    WC="0.9597095472472055"></String>
          </TextLine>
          <TextLine ID="eSc_line_effaac30"
                    TAGREFS="LT8"
                    BASELINE="990 5189 4070 5171" 
                    HPOS="986"
                    VPOS="4988"
                    WIDTH="3084"
                    HEIGHT="262">
            <Shape><Polygon POINTS="990 5189 990 5241 1178 5219 1422 5250 1426 5250 1431 5250 1435 5250 1474 5223 1788 5237 1793 5237 1941 5215 2421 5241 2425 5241 2661 5210 3294 5241 3298 5241 3512 5206 3603 5237 3608 5237 3612 5241 4066 5241 4070 5171 4066 5027 3970 4988 3965 4988 3765 4988 3760 4988 3756 4988 3695 5018 3673 5001 3669 5001 3664 5001 3660 5001 3656 5001 3651 5001 3599 5049 3294 5049 3176 4992 3171 4992 3167 4992 3163 4992 3049 5053 2356 5053 2220 4997 2216 4997 2212 4997 2207 4997 2085 5032 2028 4997 2024 4997 2020 4997 2015 4997 2011 4997 2006 4997 1928 5053 1854 5045 1801 4997 1797 4997 1793 4997 1788 4997 1644 5018 1108 5001 1103 5001 1099 5001 986 5036 990 5189"/></Shape>
            <String CONTENT="Ne par bien fait: car ce n’eſt que chardon."
                    HPOS="986"
                    VPOS="4988"
                    WIDTH="3084"
                    HEIGHT="262"
                    WC="0.9605188785597335"></String>
          </TextLine>
          <TextLine ID="eSc_line_e0b7e1a6"
                    TAGREFS="LT8"
                    BASELINE="994 5380 4079 5394" 
                    HPOS="990"
                    VPOS="5223"
                    WIDTH="3089"
                    HEIGHT="327">
            <Shape><Polygon POINTS="994 5380 990 5450 1108 5489 1112 5489 1116 5489 1121 5489 1230 5437 1448 5498 1452 5498 1457 5498 1461 5498 1465 5498 1570 5437 2478 5437 2591 5503 2595 5503 2600 5503 2735 5472 2862 5550 2866 5550 2870 5550 2875 5550 4075 5533 4079 5394 4066 5241 4013 5276 3664 5276 3612 5232 3608 5232 3603 5232 3372 5232 3368 5232 3363 5232 3359 5232 3307 5280 3097 5280 2962 5228 2958 5228 2953 5228 2949 5228 2892 5258 2849 5228 2844 5228 2840 5228 2835 5228 2831 5228 2744 5271 2643 5232 2639 5232 2635 5232 2465 5258 2425 5228 2421 5228 2417 5228 2299 5228 2294 5228 2290 5228 2155 5271 2076 5271 2006 5223 2002 5223 1998 5223 1993 5223 1989 5223 1858 5271 1352 5271 1265 5223 1260 5223 1256 5223 994 5237 994 5380"/></Shape>
            <String CONTENT="Gloire i’attens de toy au parc d’honneur:"
                    HPOS="990"
                    VPOS="5223"
                    WIDTH="3089"
                    HEIGHT="327"
                    WC="0.9866803548274896"></String>
          </TextLine>
          <TextLine ID="eSc_line_7770d8a3"
                    TAGREFS="LT8"
                    BASELINE="972 5598 2373 5585" 
                    HPOS="968"
                    VPOS="5455"
                    WIDTH="1405"
                    HEIGHT="205">
            <Shape><Polygon POINTS="972 5598 972 5638 1352 5638 1426 5660 1431 5660 1435 5660 1745 5629 1893 5655 1897 5655 2177 5629 2264 5651 2268 5651 2273 5651 2277 5651 2373 5620 2373 5585 2364 5476 2238 5455 2233 5455 1985 5476 1954 5455 1950 5455 1945 5455 1941 5455 1937 5455 1932 5455 1884 5485 1671 5485 1631 5455 1627 5455 1623 5455 1618 5455 1614 5455 1548 5481 1417 5463 1413 5463 1178 5485 1134 5459 1130 5459 1125 5459 968 5459 972 5598"/></Shape>
            <String CONTENT="Rien par merites"
                    HPOS="968"
                    VPOS="5455"
                    WIDTH="1405"
                    HEIGHT="205"
                    WC="0.980308260768652"></String>
          </TextLine>
          <TextLine ID="eSc_line_f8515ef9"
                    TAGREFS="LT8"
                    BASELINE="986 5808 2504 5790" 
                    HPOS="981"
                    VPOS="5629"
                    WIDTH="1523"
                    HEIGHT="222">
            <Shape><Polygon POINTS="986 5808 986 5851 2499 5851 2504 5790 2495 5629 2342 5629 2338 5629 2334 5629 2329 5629 2329 5633 2286 5673 2255 5651 2251 5651 2246 5651 2242 5651 2238 5651 2233 5651 2203 5681 1897 5681 1871 5655 1867 5655 1862 5655 1858 5655 1854 5655 1849 5655 1828 5673 1745 5633 1740 5633 1736 5633 1653 5638 1649 5638 1644 5638 1644 5642 1596 5686 1500 5681 1435 5638 1431 5638 1426 5638 1422 5638 1417 5638 1256 5694 1169 5694 1108 5642 1103 5642 1099 5642 1095 5642 1090 5642 981 5681 986 5808"/></Shape>
            <String CONTENT="Ainſi qu’hermites:"
                    HPOS="981"
                    VPOS="5629"
                    WIDTH="1523"
                    HEIGHT="222"
                    WC="0.9859197901354896"></String>
          </TextLine>
          <TextLine ID="eSc_line_40146b32"
                    TAGREFS="LT8"
                    BASELINE="986 6013 2299 6004" 
                    HPOS="981"
                    VPOS="5838"
                    WIDTH="1318"
                    HEIGHT="236">
            <Shape><Polygon POINTS="986 6013 986 6043 1252 6074 1256 6074 1417 6043 1644 6043 1710 6069 1714 6069 1719 6069 1723 6069 1806 6043 1871 6069 1876 6069 1880 6069 1884 6069 1889 6069 1932 6043 2050 6069 2054 6069 2299 6048 2299 6004 2290 5886 2089 5838 2002 5838 1998 5838 1993 5838 1989 5838 1932 5882 1876 5838 1871 5838 1867 5838 1862 5838 1858 5838 1732 5886 1265 5886 1217 5847 1217 5843 1212 5843 1208 5843 1012 5843 1007 5843 1003 5843 999 5843 981 5856 986 6013"/></Shape>
            <String CONTENT="Dieu voit la foy,"
                    HPOS="981"
                    VPOS="5838"
                    WIDTH="1318"
                    HEIGHT="236"
                    WC="0.9721245940993813"></String>
          </TextLine>
          <TextLine ID="eSc_line_dfa2dd27"
                    TAGREFS="LT8"
                    BASELINE="981 6213 2190 6200" 
                    HPOS="977"
                    VPOS="6069"
                    WIDTH="1213"
                    HEIGHT="218">
            <Shape><Polygon POINTS="981 6213 981 6253 1138 6274 1143 6274 1147 6274 1195 6253 1374 6287 1378 6287 1383 6287 1496 6257 1627 6283 1631 6283 1897 6244 2089 6279 2094 6279 2098 6279 2190 6235 2190 6200 2177 6091 1924 6096 1893 6074 1889 6074 1884 6074 1880 6074 1876 6074 1871 6074 1871 6078 1849 6100 1452 6100 1404 6069 1400 6069 1396 6069 1391 6069 1387 6069 1383 6069 1352 6100 1243 6100 977 6074 981 6213"/></Shape>
            <String CONTENT="En qui ie croy."
                    HPOS="977"
                    VPOS="6069"
                    WIDTH="1213"
                    HEIGHT="218"
                    WC="0.9815633177757264"></String>
          </TextLine>
          <TextLine ID="eSc_line_868abc76"
                    TAGREFS="LT8"
                    BASELINE="981 6418 2473 6405" 
                    HPOS="977"
                    VPOS="6261"
                    WIDTH="1496"
                    HEIGHT="240">
            <Shape><Polygon POINTS="981 6418 981 6462 1121 6466 1151 6497 1151 6501 1156 6501 1160 6501 1164 6501 1400 6479 1513 6497 1518 6497 1522 6497 1527 6497 1527 6492 1566 6462 1662 6488 1666 6488 1671 6488 1675 6488 1679 6488 1727 6457 1972 6457 2076 6492 2081 6492 2085 6492 2473 6479 2473 6405 2465 6296 2342 6266 2338 6266 2334 6266 2251 6296 1941 6296 1893 6261 1889 6261 1884 6261 1880 6261 1675 6296 1548 6274 1544 6274 1540 6274 1465 6301 977 6279 981 6418"/></Shape>
            <String CONTENT="Roy que i’honore,"
                    HPOS="977"
                    VPOS="6261"
                    WIDTH="1496"
                    HEIGHT="240"
                    WC="0.9787565680111155"></String>
          </TextLine>
          <TextLine ID="eSc_line_f6645a32"
                    TAGREFS="LT8"
                    BASELINE="972 6623 2164 6623" 
                    HPOS="972"
                    VPOS="6466"
                    WIDTH="1192"
                    HEIGHT="257">
            <Shape><Polygon POINTS="972 6623 972 6697 1417 6719 1422 6719 1675 6693 1845 6719 1849 6719 1854 6719 1941 6693 1967 6719 1972 6719 1976 6719 1980 6723 2164 6723 2164 6623 2164 6514 1771 6466 1767 6466 1762 6466 1653 6514 1527 6514 1487 6479 1483 6479 1479 6479 1474 6479 1470 6479 1465 6479 1413 6514 1239 6514 1134 6466 1130 6466 972 6466 972 6623"/></Shape>
            <String CONTENT="Et que i’adore,"
                    HPOS="972"
                    VPOS="6466"
                    WIDTH="1192"
                    HEIGHT="257"
                    WC="0.9785461982091268"></String>
          </TextLine>
        </TextBlock>
        <TextBlock HPOS="3834"
                   VPOS="6677"
                   WIDTH="335"
                   HEIGHT="244"
                   ID="eSc_textblock_324c8445"
                   TAGREFS="BT17">
          <Shape><Polygon POINTS="3834 6677 3834 6921 4169 6921 4169 6677"/></Shape>
          <TextLine ID="eSc_line_6f71709f"
                    TAGREFS="LT8"
                    BASELINE="3935 6811 4105 6806" 
                    HPOS="3931"
                    VPOS="6628"
                    WIDTH="174"
                    HEIGHT="300">
            <Shape><Polygon POINTS="3935 6811 3935 6898 4009 6928 4013 6928 4018 6928 4105 6915 4105 6806 4092 6628 3931 6658 3935 6811"/></Shape>
            <String CONTENT="Oy"
                    HPOS="3931"
                    VPOS="6628"
                    WIDTH="174"
                    HEIGHT="300"
                    WC="0.8905163407325745"></String>
          </TextLine>
        </TextBlock>
      </PrintSpace>
    </Page>
  </Layout>
</alto>
