<?xml version="1.0" encoding="UTF-8"?>
<alto xmlns:xsi="http://www.w3.org/2001/XMLSchema-instance"
      xmlns="http://www.loc.gov/standards/alto/ns-v4#"
      xsi:schemaLocation="http://www.loc.gov/standards/alto/ns-v4# http://www.loc.gov/standards/alto/v4/alto-4-2.xsd">
  <Description>
    <MeasurementUnit>pixel</MeasurementUnit>
    <sourceImageInformation>
      <fileName>CRRS02_Chansons_spirituelles.pdf_page_27.png</fileName>
      <fileIdentifier>pdf//CRRS02_Chansons_spirituelles.pdf</fileIdentifier>
    </sourceImageInformation>
  </Description>
  <Tags>
    <OtherTag ID="BT7" LABEL="CustomZone" DESCRIPTION="block type CustomZone"/><OtherTag ID="BT8" LABEL="DamageZone" DESCRIPTION="block type DamageZone"/><OtherTag ID="BT9" LABEL="DigitizationArtefactZone" DESCRIPTION="block type DigitizationArtefactZone"/><OtherTag ID="BT10" LABEL="DropCapitalZone" DESCRIPTION="block type DropCapitalZone"/><OtherTag ID="BT11" LABEL="GraphicZone" DESCRIPTION="block type GraphicZone"/><OtherTag ID="BT12" LABEL="MainZone" DESCRIPTION="block type MainZone"/><OtherTag ID="BT13" LABEL="MarginTextZone" DESCRIPTION="block type MarginTextZone"/><OtherTag ID="BT14" LABEL="MusicZone" DESCRIPTION="block type MusicZone"/><OtherTag ID="BT15" LABEL="NumberingZone" DESCRIPTION="block type NumberingZone"/><OtherTag ID="BT17" LABEL="QuireMarksZone" DESCRIPTION="block type QuireMarksZone"/><OtherTag ID="BT18" LABEL="RunningTitleZone" DESCRIPTION="block type RunningTitleZone"/><OtherTag ID="BT19" LABEL="SealZone" DESCRIPTION="block type SealZone"/><OtherTag ID="BT20" LABEL="StampZone" DESCRIPTION="block type StampZone"/><OtherTag ID="BT21" LABEL="TableZone" DESCRIPTION="block type TableZone"/><OtherTag ID="BT22" LABEL="TitlePageZone" DESCRIPTION="block type TitlePageZone"/>
    <OtherTag ID="LT7" LABEL="CustomLine" DESCRIPTION="line type CustomLine"/><OtherTag ID="LT8" LABEL="DefaultLine" DESCRIPTION="line type DefaultLine"/><OtherTag ID="LT9" LABEL="DropCapitalLine" DESCRIPTION="line type DropCapitalLine"/><OtherTag ID="LT10" LABEL="HeadingLine" DESCRIPTION="line type HeadingLine"/><OtherTag ID="LT11" LABEL="InterlinearLine" DESCRIPTION="line type InterlinearLine"/><OtherTag ID="LT12" LABEL="MusicLine" DESCRIPTION="line type MusicLine"/><OtherTag ID="LT1330" LABEL="default" DESCRIPTION="line type default"/>
  </Tags>
  <Layout>
    <Page WIDTH="4267"
          HEIGHT="7793"
          PHYSICAL_IMG_NR="26"
          ID="eSc_dummypage_">
      <PrintSpace HPOS="0"
                  VPOS="0"
                  WIDTH="4267"
                  HEIGHT="7793">
        <TextBlock HPOS="2970"
                   VPOS="460"
                   WIDTH="324"
                   HEIGHT="278"
                   ID="eSc_textblock_8866bbef"
                   TAGREFS="BT15">
          <Shape><Polygon POINTS="2970 460 2970 738 3294 738 3294 460"/></Shape>
          <TextLine ID="eSc_line_665925f2"
                    TAGREFS="LT8"
                    BASELINE="3045 649 3188 645" 
                    HPOS="3036"
                    VPOS="515"
                    WIDTH="152"
                    HEIGHT="212">
            <Shape><Polygon POINTS="3171 536 3127 523 3101 515 3036 515 3045 649 3045 710 3184 727 3188 645 3175 536 3171 536"/></Shape>
            <String CONTENT="19"
                    HPOS="3036"
                    VPOS="515"
                    WIDTH="152"
                    HEIGHT="212"
                    WC="0.9957633018493652"></String>
          </TextLine>
        </TextBlock>
        <TextBlock HPOS="679"
                   VPOS="460"
                   WIDTH="1913"
                   HEIGHT="278"
                   ID="eSc_textblock_331eac9b"
                   TAGREFS="BT18">
          <Shape><Polygon POINTS="679 738 679 460 2592 460 2592 684"/></Shape>
          <TextLine ID="eSc_line_5b4e831d"
                    TAGREFS="LT10"
                    BASELINE="701 658 2499 640" 
                    HPOS="697"
                    VPOS="502"
                    WIDTH="1802"
                    HEIGHT="212">
            <Shape><Polygon POINTS="2430 519 2386 515 2343 506 2300 502 2256 502 2213 502 2170 502 2157 502 2135 515 1936 502 1910 502 1867 502 1823 502 1780 502 1763 502 1698 519 1637 502 1607 502 1572 502 1529 523 1334 502 1303 502 1277 502 1256 523 1178 502 1173 502 1169 502 953 528 909 502 905 502 901 502 896 502 714 532 697 554 701 658 701 697 727 714 732 714 736 714 740 714 745 714 749 714 784 692 1095 714 1100 714 1472 688 1546 710 1550 710 1555 710 1559 710 1611 684 1750 705 1754 705 1984 684 2036 705 2040 705 2044 705 2499 671 2499 640 2490 528 2473 528"/></Shape>
            <String CONTENT="SPIRITVELLES."
                    HPOS="697"
                    VPOS="502"
                    WIDTH="1802"
                    HEIGHT="212"
                    WC="0.9986147192808298"></String>
          </TextLine>
        </TextBlock>
        <TextBlock HPOS="58"
                   VPOS="676"
                   WIDTH="3266"
                   HEIGHT="5901"
                   ID="eSc_textblock_7b0f3a10"
                   TAGREFS="BT12">
          <Shape><Polygon POINTS="58 6562 85 676 3170 769 3324 6577"/></Shape>
          <TextLine ID="eSc_line_0fadb66e"
                    TAGREFS="LT8"
                    BASELINE="121 913 2954 883" 
                    HPOS="116"
                    VPOS="736"
                    WIDTH="2838"
                    HEIGHT="238">
            <Shape><Polygon POINTS="116 813 121 913 121 974 519 948 814 974 818 974 823 974 935 943 1039 969 1044 969 1048 969 1230 943 1325 969 1329 969 1334 969 1490 939 1576 939 1602 961 1602 965 1607 965 1611 965 1615 965 1620 965 1715 939 2075 961 2079 961 2083 961 2144 935 2248 956 2252 956 2256 956 2261 956 2261 952 2287 930 2538 956 2542 956 2547 956 2616 926 2694 948 2698 948 2703 948 2707 948 2759 926 2785 952 2789 952 2794 952 2798 952 2802 952 2872 926 2941 952 2954 883 2941 766 2655 770 2590 740 2586 740 2581 740 2577 740 2460 779 2291 779 2161 736 2157 736 2152 736 2062 740 2057 740 2053 740 1997 783 1628 783 1524 744 1520 744 1403 744 1399 744 1394 744 1390 744 1321 787 1152 748 1147 748 788 796 632 796 593 761 593 757 589 757 584 757 580 757 576 757 489 800 398 800 316 757 311 757 307 757 138 774 116 813"/></Shape>
            <String CONTENT="Dieu au tiers iour le corps diuinement"
                    HPOS="116"
                    VPOS="736"
                    WIDTH="2838"
                    HEIGHT="238"
                    WC="0.996572914876436"></String>
          </TextLine>
          <TextLine ID="eSc_line_873ba7c2"
                    TAGREFS="LT8"
                    BASELINE="121 1121 2711 1091" 
                    HPOS="116"
                    VPOS="935"
                    WIDTH="2595"
                    HEIGHT="259">
            <Shape><Polygon POINTS="121 1121 121 1160 649 1155 831 1194 836 1194 1061 1151 1459 1186 1464 1186 1641 1177 1646 1177 1650 1177 1693 1142 1815 1168 1819 1168 1823 1168 1828 1168 1867 1142 1923 1181 1927 1181 1932 1181 1936 1181 1940 1181 1945 1181 1945 1177 1975 1151 2135 1177 2139 1177 2144 1177 2148 1177 2174 1151 2252 1173 2256 1173 2261 1173 2265 1173 2343 1134 2464 1134 2590 1173 2594 1173 2599 1173 2603 1173 2711 1125 2711 1091 2703 987 2625 987 2573 939 2573 935 2568 935 2564 935 2560 935 2157 991 2036 991 1914 943 1910 943 1906 943 1901 943 1802 991 1702 961 1698 961 1693 961 1689 961 1659 978 1607 943 1602 943 1598 943 1594 943 1589 943 1464 995 1329 978 1325 978 1217 1004 810 1004 736 982 732 982 727 982 723 982 667 1004 619 961 619 956 615 956 610 956 606 956 329 961 324 961 320 961 320 965 294 987 116 965 121 1121"/></Shape>
            <String CONTENT="Reſſuſcita, nous gardant la pareille:"
                    HPOS="116"
                    VPOS="935"
                    WIDTH="2595"
                    HEIGHT="259"
                    WC="0.9846865567001136"></String>
          </TextLine>
          <TextLine ID="eSc_line_42d9a98e"
                    TAGREFS="LT8"
                    BASELINE="125 1329 2768 1298" 
                    HPOS="121"
                    VPOS="1173"
                    WIDTH="2647"
                    HEIGHT="216">
            <Shape><Polygon POINTS="125 1329 125 1363 207 1389 212 1389 216 1389 220 1389 281 1363 385 1385 389 1385 394 1385 398 1385 441 1359 619 1385 623 1385 628 1385 632 1385 671 1355 723 1381 727 1381 732 1381 957 1350 1069 1372 1074 1372 1329 1346 1390 1376 1394 1376 1399 1376 1633 1342 1715 1363 1719 1363 1724 1363 1901 1346 1971 1372 1975 1372 1979 1372 1984 1372 2040 1350 2105 1368 2109 1368 2114 1368 2269 1342 2438 1363 2443 1363 2768 1342 2768 1298 2759 1186 2503 1173 2499 1173 2495 1173 2412 1194 2369 1173 2365 1173 2360 1173 1888 1203 1693 1177 1689 1177 1685 1177 1602 1207 1425 1173 1420 1173 1186 1207 1065 1177 1061 1177 1057 1177 1052 1177 966 1212 883 1177 879 1177 875 1177 870 1177 753 1212 576 1194 571 1194 567 1194 563 1194 541 1216 519 1199 515 1199 511 1199 506 1199 346 1225 294 1225 259 1190 259 1186 255 1186 251 1186 246 1186 121 1186 125 1329"/></Shape>
            <String CONTENT="Ie croy cela de cœur certainement:"
                    HPOS="121"
                    VPOS="1173"
                    WIDTH="2647"
                    HEIGHT="216"
                    WC="0.9686139050652"></String>
          </TextLine>
          <TextLine ID="eSc_line_0137f678"
                    TAGREFS="LT8"
                    BASELINE="129 1541 2997 1506" 
                    HPOS="125"
                    VPOS="1346"
                    WIDTH="2872"
                    HEIGHT="255">
            <Shape><Polygon POINTS="129 1541 129 1580 337 1601 342 1601 502 1571 723 1597 727 1597 732 1597 801 1571 870 1593 875 1593 879 1593 1095 1567 1321 1588 1325 1588 1559 1558 1594 1580 1598 1580 1602 1580 1607 1580 1728 1558 1910 1575 1914 1575 1919 1575 1923 1575 1953 1554 2200 1575 2204 1575 2209 1575 2256 1554 2308 1575 2313 1575 2317 1580 2525 1580 2525 1575 2529 1575 2590 1549 2737 1571 2742 1571 2746 1571 2750 1571 2789 1545 2811 1567 2815 1567 2820 1567 2824 1567 2997 1562 2997 1506 2993 1381 2911 1346 2906 1346 2737 1346 2733 1346 2655 1355 2651 1355 2646 1355 2646 1359 2599 1398 2378 1381 2373 1381 2152 1402 2070 1376 2066 1376 2062 1376 2057 1376 2053 1376 2053 1381 2027 1407 1862 1407 1680 1359 1676 1359 1672 1359 1667 1359 1563 1407 1472 1363 1468 1363 1464 1363 1334 1385 1264 1363 1260 1363 1256 1363 1251 1363 1247 1363 1160 1420 1000 1420 849 1372 844 1372 745 1372 740 1372 736 1372 732 1372 688 1407 610 1372 606 1372 602 1372 597 1372 593 1372 515 1420 337 1420 255 1381 251 1381 125 1381 129 1541"/></Shape>
            <String CONTENT="Faute de foy c’eſt douleur nompareille."
                    HPOS="125"
                    VPOS="1346"
                    WIDTH="2872"
                    HEIGHT="255"
                    WC="0.9835177889237037"></String>
          </TextLine>
          <TextLine ID="eSc_line_7ecc9464"
                    TAGREFS="LT8"
                    BASELINE="303 1740 2937 1718" 
                    HPOS="298"
                    VPOS="1575"
                    WIDTH="2639"
                    HEIGHT="234">
            <Shape><Polygon POINTS="303 1740 303 1770 389 1809 394 1809 398 1809 905 1796 909 1796 983 1770 1104 1792 1108 1792 1290 1775 1355 1801 1360 1801 1364 1801 1368 1801 1373 1801 1373 1796 1412 1766 1607 1801 1611 1801 1615 1801 1620 1801 1667 1766 1797 1788 1802 1788 1806 1788 1810 1788 1810 1783 1832 1766 1962 1783 1966 1783 1971 1783 2036 1762 2222 1762 2343 1796 2347 1796 2352 1796 2356 1796 2360 1796 2421 1757 2932 1788 2937 1718 2928 1610 2101 1575 2096 1575 2092 1575 2088 1575 2088 1580 2053 1614 2005 1614 1966 1580 1966 1575 1962 1575 1958 1575 1880 1575 1875 1575 1871 1575 1867 1575 1806 1614 1481 1584 1477 1584 1472 1584 1351 1619 1234 1584 1230 1584 1225 1584 1221 1584 1152 1623 571 1623 476 1588 472 1588 467 1588 298 1610 303 1740"/></Shape>
            <String CONTENT="Quarante iours apres la deliurance,"
                    HPOS="298"
                    VPOS="1575"
                    WIDTH="2639"
                    HEIGHT="234"
                    WC="0.9930206383977618"></String>
          </TextLine>
          <TextLine ID="eSc_line_4e4d42a9"
                    TAGREFS="LT8"
                    BASELINE="129 1948 2772 1922" 
                    HPOS="125"
                    VPOS="1788"
                    WIDTH="2647"
                    HEIGHT="216">
            <Shape><Polygon POINTS="129 1948 129 1991 1442 2004 1446 2004 1615 2000 1620 2000 1624 2000 1663 1974 1849 1995 1854 1995 1858 1995 1862 1995 1897 1969 2330 1969 2391 1991 2395 1991 2399 1991 2404 1991 2408 1991 2443 1965 2768 1965 2772 1922 2763 1814 2174 1788 2170 1788 2165 1788 2096 1822 1875 1822 1607 1792 1602 1792 1598 1792 1594 1792 1559 1822 1485 1805 1481 1805 1477 1805 1472 1805 1468 1805 1438 1827 1321 1801 1316 1801 1312 1801 1256 1831 1005 1831 966 1801 961 1801 957 1801 953 1801 948 1801 853 1827 680 1801 675 1801 671 1801 545 1840 424 1840 389 1809 385 1809 381 1809 376 1809 277 1831 251 1809 251 1805 246 1805 242 1805 238 1805 125 1822 129 1948"/></Shape>
            <String CONTENT="Aux cieux monta victorieuſement:"
                    HPOS="125"
                    VPOS="1788"
                    WIDTH="2647"
                    HEIGHT="216"
                    WC="0.9873886723071337"></String>
          </TextLine>
          <TextLine ID="eSc_line_6fb32667"
                    TAGREFS="LT8"
                    BASELINE="129 2160 2902 2134" 
                    HPOS="125"
                    VPOS="1982"
                    WIDTH="2777"
                    HEIGHT="243">
            <Shape><Polygon POINTS="129 2160 129 2216 333 2195 667 2225 671 2225 675 2225 745 2195 1100 2186 1238 2216 1243 2216 1429 2195 1503 2221 1507 2221 1511 2221 1594 2216 1598 2216 1602 2216 1641 2182 1676 2199 1680 2199 1685 2199 1979 2177 2049 2177 2092 2212 2096 2212 2101 2212 2105 2216 2360 2216 2360 2212 2538 2173 2629 2173 2668 2203 2668 2208 2672 2208 2677 2208 2681 2212 2898 2212 2902 2134 2893 2030 2659 2030 2620 2004 2616 2004 2612 2004 2607 2004 2603 2004 2555 2021 2521 1987 2521 1982 2516 1982 2512 1982 2508 1982 2382 1987 2378 1987 2373 1987 2300 2034 2118 2034 2083 2004 2079 2004 2075 2004 2070 2004 1971 2026 1932 1995 1932 1991 1927 1991 1923 1991 1919 1991 1914 1991 1784 2034 1459 2034 1420 2000 1420 1995 1416 1995 1412 1995 1407 1995 1403 1995 1243 2034 1156 2017 1152 2017 996 2043 931 2000 927 2000 922 2000 918 2000 914 2000 801 2043 576 2043 528 2004 524 2004 519 2004 515 2004 125 2021 129 2160"/></Shape>
            <String CONTENT="De là viendra en ſa grande excellence,"
                    HPOS="125"
                    VPOS="1982"
                    WIDTH="2777"
                    HEIGHT="243"
                    WC="0.9854347980939425"></String>
          </TextLine>
          <TextLine ID="eSc_line_5965210f"
                    TAGREFS="LT8"
                    BASELINE="129 2368 2824 2337" 
                    HPOS="125"
                    VPOS="2195"
                    WIDTH="2699"
                    HEIGHT="220">
            <Shape><Polygon POINTS="129 2368 129 2402 1208 2415 1212 2415 1394 2389 1615 2411 1620 2411 1914 2407 1919 2407 1923 2407 1949 2385 1975 2407 1979 2407 1984 2407 1988 2407 2157 2381 2425 2398 2430 2398 2434 2398 2486 2376 2820 2398 2824 2337 2815 2233 2642 2233 2603 2199 2603 2195 2599 2195 2594 2195 2590 2195 2586 2195 2581 2195 2581 2199 2551 2225 2365 2212 2360 2212 2356 2212 2300 2233 2178 2208 2174 2208 2018 2238 1771 2199 1767 2199 1763 2199 1650 2246 1550 2246 1490 2203 1485 2203 1481 2203 1477 2203 1234 2246 571 2212 567 2212 563 2212 558 2212 489 2255 372 2255 324 2216 320 2216 316 2216 311 2216 125 2216 129 2368"/></Shape>
            <String CONTENT="Des vifs &amp; morts faire le iugement."
                    HPOS="125"
                    VPOS="2195"
                    WIDTH="2699"
                    HEIGHT="220"
                    WC="0.9943525416510446"></String>
          </TextLine>
          <TextLine ID="eSc_line_5819b964"
                    TAGREFS="LT8"
                    BASELINE="138 2571 2846 2558" 
                    HPOS="134"
                    VPOS="2415"
                    WIDTH="2712"
                    HEIGHT="225">
            <Shape><Polygon POINTS="138 2571 138 2610 216 2636 220 2636 225 2640 493 2640 493 2636 498 2636 502 2636 541 2610 792 2636 797 2636 1039 2606 1663 2606 1693 2627 1698 2627 1702 2627 1706 2627 1854 2606 1932 2632 1936 2632 1940 2632 1945 2632 2070 2601 2287 2601 2321 2627 2326 2627 2330 2627 2334 2627 2707 2601 2841 2623 2846 2558 2837 2441 2724 2428 2720 2428 2716 2428 2711 2428 2685 2450 2573 2420 2568 2420 2564 2420 2560 2420 2555 2420 2555 2424 2525 2450 2456 2420 2451 2420 2178 2415 2174 2415 2170 2415 2165 2415 2131 2446 2066 2415 2062 2415 2057 2415 2053 2415 1932 2459 1520 2459 1377 2420 1373 2420 1368 2420 1364 2420 1360 2420 1312 2459 1104 2459 1048 2420 1044 2420 1039 2420 1035 2420 1031 2420 927 2463 411 2463 385 2437 381 2437 376 2437 134 2428 138 2571"/></Shape>
            <String CONTENT="Qui croit cela ne mourra nullement,"
                    HPOS="134"
                    VPOS="2415"
                    WIDTH="2712"
                    HEIGHT="225"
                    WC="0.9853711588042123"></String>
          </TextLine>
          <TextLine ID="eSc_line_aa356657"
                    TAGREFS="LT8"
                    BASELINE="125 2783 2555 2770" 
                    HPOS="121"
                    VPOS="2610"
                    WIDTH="2434"
                    HEIGHT="243">
            <Shape><Polygon POINTS="125 2783 125 2840 571 2818 658 2848 662 2848 667 2853 931 2853 931 2848 1087 2814 1533 2840 1537 2840 1542 2840 1607 2814 1737 2844 1741 2844 1966 2809 2334 2840 2339 2840 2343 2840 2347 2840 2347 2835 2378 2809 2551 2809 2555 2770 2542 2662 2404 2662 2334 2610 2330 2610 2326 2610 2196 2610 2191 2610 2187 2610 2040 2662 2005 2636 2001 2636 1997 2636 1992 2636 1880 2658 1741 2623 1737 2623 1732 2623 1728 2623 1581 2671 1403 2671 1347 2619 1347 2614 1342 2614 1338 2614 1334 2614 1329 2614 1186 2662 1069 2614 1065 2614 927 2614 922 2614 918 2614 914 2614 823 2675 706 2675 606 2619 602 2619 597 2619 376 2671 294 2619 290 2619 285 2619 121 2619 125 2783"/></Shape>
            <String CONTENT="Mais eſt paſſé en la vie eternelle."
                    HPOS="121"
                    VPOS="2610"
                    WIDTH="2434"
                    HEIGHT="243"
                    WC="0.984210342168808"></String>
          </TextLine>
          <TextLine ID="eSc_line_241b4a25"
                    TAGREFS="LT8"
                    BASELINE="129 2987 2750 2969" 
                    HPOS="125"
                    VPOS="2831"
                    WIDTH="2625"
                    HEIGHT="225">
            <Shape><Polygon POINTS="129 2987 129 3026 645 3056 649 3056 654 3056 710 3026 775 3056 779 3056 784 3056 944 3047 948 3047 953 3047 983 3021 1139 3043 1143 3043 1243 3021 1334 3047 1338 3047 1342 3047 1347 3047 1429 3026 1490 3047 1494 3047 1498 3052 1919 3052 1919 3047 1923 3047 1966 3026 2053 3047 2057 3047 2062 3047 2066 3047 2157 3021 2321 3043 2326 3043 2330 3043 2334 3043 2373 3017 2495 3017 2551 3043 2555 3043 2560 3043 2564 3043 2568 3043 2607 3013 2746 3013 2750 2969 2746 2861 2694 2831 2690 2831 2685 2831 2681 2831 2547 2861 2308 2844 2304 2844 2157 2874 1620 2874 1563 2840 1559 2840 1555 2840 1550 2840 1546 2840 1438 2879 1186 2879 1139 2840 1134 2840 1130 2840 1052 2840 1048 2840 1044 2840 1039 2840 1039 2844 1000 2883 957 2883 901 2840 896 2840 892 2840 823 2840 818 2840 814 2840 810 2840 810 2844 771 2879 623 2853 619 2853 615 2853 537 2883 433 2844 428 2844 424 2844 420 2844 320 2883 281 2848 281 2844 277 2844 272 2844 268 2844 125 2844 129 2987"/></Shape>
            <String CONTENT="Ie croy cela de cœur certainement:"
                    HPOS="125"
                    VPOS="2831"
                    WIDTH="2625"
                    HEIGHT="225"
                    WC="0.9959423401776482"></String>
          </TextLine>
          <TextLine ID="eSc_line_286189ea"
                    TAGREFS="LT8"
                    BASELINE="125 3190 3036 3173" 
                    HPOS="121"
                    VPOS="3021"
                    WIDTH="2915"
                    HEIGHT="239">
            <Shape><Polygon POINTS="125 3190 125 3238 779 3234 1018 3260 1022 3260 1026 3260 1031 3260 1069 3229 1186 3229 1212 3251 1217 3251 1221 3251 1546 3260 1550 3260 1992 3225 2300 3255 2304 3255 2590 3221 2768 3242 2772 3242 3036 3221 3036 3173 3028 3069 2950 3065 2906 3026 2906 3021 2902 3021 2898 3021 2746 3021 2742 3021 2737 3021 2659 3060 2551 3030 2547 3030 2542 3030 2538 3030 2534 3030 2490 3065 2443 3047 2438 3047 2434 3047 2295 3069 1888 3069 1806 3026 1802 3026 1797 3026 1628 3065 1511 3030 1507 3030 1503 3030 1498 3030 1390 3060 1316 3030 1312 3030 1308 3030 1303 3030 1217 3078 1044 3078 875 3030 870 3030 866 3030 862 3030 732 3078 675 3034 671 3034 667 3034 662 3034 658 3034 654 3034 584 3078 121 3043 125 3190"/></Shape>
            <String CONTENT="Faute de foy c’eſt douleur nompareille."
                    HPOS="121"
                    VPOS="3021"
                    WIDTH="2915"
                    HEIGHT="239"
                    WC="0.9672507857665037"></String>
          </TextLine>
          <TextLine ID="eSc_line_af7592d9"
                    TAGREFS="LT8"
                    BASELINE="320 3398 2958 3398" 
                    HPOS="320"
                    VPOS="3255"
                    WIDTH="2638"
                    HEIGHT="221">
            <Shape><Polygon POINTS="320 3398 320 3437 368 3463 372 3463 376 3463 706 3450 732 3472 736 3472 740 3472 745 3472 896 3450 948 3472 953 3472 957 3472 961 3472 966 3472 966 3467 996 3441 1095 3472 1100 3472 1104 3476 1342 3476 1342 3472 1347 3472 1351 3472 1351 3467 1377 3441 1472 3441 1542 3472 1546 3472 1550 3472 1659 3450 1750 3472 1754 3472 1758 3472 1763 3472 1862 3441 2001 3472 2005 3476 2213 3476 2213 3472 2217 3472 2222 3472 2222 3467 2256 3441 2729 3441 2950 3472 2958 3398 2954 3294 2564 3268 2560 3268 2555 3268 2551 3268 2521 3294 2183 3294 2066 3255 2062 3255 2057 3255 2053 3255 2049 3255 2005 3290 1845 3260 1841 3260 1836 3260 1728 3294 1325 3294 1290 3260 1290 3255 1286 3255 1282 3255 892 3255 888 3255 883 3255 879 3255 879 3260 844 3290 814 3268 810 3268 805 3268 801 3268 797 3268 740 3290 710 3260 710 3255 706 3255 701 3255 623 3255 619 3255 615 3255 511 3290 472 3255 467 3255 463 3255 385 3255 381 3255 376 3255 372 3255 320 3286 320 3398"/></Shape>
            <String CONTENT="Au ſainct Eſprit tu auras ta creance,"
                    HPOS="320"
                    VPOS="3255"
                    WIDTH="2638"
                    HEIGHT="221"
                    WC="0.9769498770301407"></String>
          </TextLine>
          <TextLine ID="eSc_line_4e26c87a"
                    TAGREFS="LT8"
                    BASELINE="134 3602 2664 3602" 
                    HPOS="134"
                    VPOS="3446"
                    WIDTH="2530"
                    HEIGHT="247">
            <Shape><Polygon POINTS="134 3602 134 3667 307 3654 355 3688 359 3688 363 3688 368 3693 589 3693 589 3688 593 3688 667 3654 740 3688 745 3688 749 3693 996 3693 996 3688 1000 3688 1117 3658 1156 3688 1160 3688 1165 3688 1169 3693 1394 3693 1394 3688 1399 3688 1403 3688 1442 3658 1628 3688 1633 3688 1637 3688 1767 3654 1828 3684 1832 3684 1836 3684 1841 3684 1923 3654 2092 3675 2096 3675 2248 3654 2282 3680 2287 3680 2291 3680 2295 3680 2664 3649 2664 3602 2664 3493 2590 3493 2551 3459 2551 3454 2547 3454 2542 3454 2538 3454 2534 3454 2529 3454 2529 3459 2490 3493 2157 3493 2044 3446 2040 3446 2036 3446 2031 3446 1927 3485 1845 3446 1841 3446 1836 3446 1832 3446 1763 3472 1698 3446 1693 3446 1689 3446 1685 3446 1680 3446 1633 3476 1598 3450 1598 3446 1594 3446 1589 3446 1520 3446 1516 3446 1511 3446 1507 3446 1507 3450 1481 3476 1403 3446 1399 3446 1394 3446 1390 3446 1386 3446 1329 3493 1273 3493 1095 3446 1091 3446 1087 3446 1082 3446 1078 3446 1031 3485 849 3467 844 3467 840 3467 784 3489 719 3450 714 3450 710 3450 602 3446 597 3446 593 3446 589 3446 541 3485 294 3489 242 3446 238 3446 233 3446 134 3446 134 3602"/></Shape>
            <String CONTENT="Lequel regit l’Egliſe ſainctement,"
                    HPOS="134"
                    VPOS="3446"
                    WIDTH="2530"
                    HEIGHT="247"
                    WC="0.9839996046879712"></String>
          </TextLine>
          <TextLine ID="eSc_line_27db50f5"
                    TAGREFS="LT8"
                    BASELINE="129 3814 2928 3805" 
                    HPOS="125"
                    VPOS="3667"
                    WIDTH="2803"
                    HEIGHT="225">
            <Shape><Polygon POINTS="129 3814 129 3857 658 3887 662 3892 1095 3892 1095 3887 1100 3887 1178 3857 1481 3887 1485 3887 1490 3887 1559 3853 1594 3874 1598 3874 1602 3874 1607 3874 1754 3853 1789 3879 1789 3883 1793 3883 1797 3883 1802 3883 2165 3853 2451 3874 2456 3874 2460 3874 2464 3874 2495 3853 2568 3874 2573 3874 2577 3874 2802 3853 2919 3874 2928 3805 2924 3701 2876 3671 2872 3671 2867 3671 2863 3671 2859 3671 2781 3710 2586 3710 2521 3667 2516 3667 2512 3667 2399 3667 2395 3667 2391 3667 2265 3706 2127 3675 2122 3675 2118 3675 2062 3706 1637 3688 1633 3688 1381 3710 1238 3671 1234 3671 1230 3671 1225 3671 1147 3710 1026 3710 940 3671 935 3671 931 3671 927 3671 922 3671 857 3710 489 3680 485 3680 346 3710 281 3671 277 3671 272 3671 268 3671 125 3671 129 3814"/></Shape>
            <String CONTENT="La compagnie de ceux qui ont fiance"
                    HPOS="125"
                    VPOS="3667"
                    WIDTH="2803"
                    HEIGHT="225"
                    WC="0.9762700131961277"></String>
          </TextLine>
          <TextLine ID="eSc_line_3ba6a52e"
                    TAGREFS="LT8"
                    BASELINE="125 4017 2945 4017" 
                    HPOS="125"
                    VPOS="3874"
                    WIDTH="2820"
                    HEIGHT="234">
            <Shape><Polygon POINTS="125 4017 125 4091 558 4069 615 4104 619 4104 623 4104 628 4108 918 4108 918 4104 922 4104 992 4074 1061 4104 1065 4104 1069 4104 1199 4082 1260 4104 1264 4104 1269 4104 1273 4104 1360 4069 1507 4104 1511 4108 2139 4108 2139 4104 2144 4104 2148 4104 2148 4099 2183 4069 2629 4069 2668 4091 2672 4091 2677 4091 2681 4091 2685 4091 2690 4091 2720 4069 2945 4069 2945 4017 2941 3887 2837 3909 2516 3887 2512 3887 2287 3909 2248 3879 2248 3874 2243 3874 2239 3874 2165 3874 2161 3874 2157 3874 2152 3874 2152 3879 2118 3913 1256 3913 1217 3879 1217 3874 1212 3874 1208 3874 1091 3874 1087 3874 1082 3874 1078 3874 1078 3879 1044 3905 996 3874 992 3874 987 3874 779 3874 775 3874 771 3874 688 3909 641 3874 636 3874 632 3874 628 3874 623 3874 511 3905 398 3874 394 3874 389 3874 385 3874 381 3874 329 3909 277 3874 272 3874 268 3874 125 3874 125 4017"/></Shape>
            <String CONTENT="En Ieſus Chriſt, croyant parfaitement"
                    HPOS="125"
                    VPOS="3874"
                    WIDTH="2820"
                    HEIGHT="234"
                    WC="0.9882162374419134"></String>
          </TextLine>
          <TextLine ID="eSc_line_71fbf51d"
                    TAGREFS="LT8"
                    BASELINE="125 4221 2586 4234" 
                    HPOS="121"
                    VPOS="4074"
                    WIDTH="2465"
                    HEIGHT="203">
            <Shape><Polygon POINTS="125 4221 121 4277 2581 4273 2586 4234 2581 4130 2313 4099 2308 4099 2105 4125 2057 4086 2053 4086 2049 4086 1988 4086 1984 4086 1979 4086 1975 4086 1975 4091 1932 4130 1880 4130 1767 4082 1763 4082 1758 4082 1485 4125 1269 4125 1195 4086 1191 4086 1186 4086 1182 4086 1178 4086 1178 4091 1143 4125 948 4125 779 4112 732 4078 727 4078 723 4078 593 4078 589 4078 584 4078 580 4078 580 4082 541 4117 476 4095 472 4095 467 4095 294 4117 246 4078 242 4078 238 4078 125 4074 125 4221"/></Shape>
            <String CONTENT="Remiſsion, tout mort finalement"
                    HPOS="121"
                    VPOS="4074"
                    WIDTH="2465"
                    HEIGHT="203"
                    WC="0.9835123246715914"></String>
          </TextLine>
          <TextLine ID="eSc_line_bfaa4bc2"
                    TAGREFS="LT8"
                    BASELINE="125 4433 3197 4424" 
                    HPOS="121"
                    VPOS="4277"
                    WIDTH="3076"
                    HEIGHT="242">
            <Shape><Polygon POINTS="3171 4316 3123 4277 3119 4277 3114 4277 2958 4277 2954 4277 2950 4277 2794 4320 2768 4294 2763 4294 2759 4294 2568 4277 2564 4277 2560 4277 2555 4277 2482 4333 1776 4333 1680 4281 1676 4281 1672 4281 1667 4281 1568 4333 1481 4303 1477 4303 1472 4303 1468 4303 1464 4303 1420 4338 1095 4338 1009 4281 1005 4281 1000 4281 996 4281 992 4281 870 4320 823 4281 818 4281 814 4281 810 4281 805 4281 684 4312 519 4281 515 4281 511 4281 376 4325 121 4286 125 4433 125 4480 883 4480 1039 4515 1516 4519 1520 4519 1524 4519 1624 4485 1841 4502 1845 4502 1992 4476 2165 4515 2170 4519 2365 4519 2365 4515 2369 4515 2482 4476 2564 4506 2568 4506 2573 4506 2577 4506 2668 4485 2841 4506 2846 4506 2850 4506 2854 4506 2885 4476 2997 4476 3093 4515 3097 4515 3101 4515 3197 4511 3197 4424 3192 4372 3171 4316"/></Shape>
            <String CONTENT="Prendra ſa chair, qui dort ou qui ſõmeille"
                    HPOS="121"
                    VPOS="4277"
                    WIDTH="3076"
                    HEIGHT="242"
                    WC="0.9649820230727972"></String>
          </TextLine>
          <TextLine ID="eSc_line_d76b6812"
                    TAGREFS="LT8"
                    BASELINE="125 4632 2742 4649" 
                    HPOS="121"
                    VPOS="4489"
                    WIDTH="2621"
                    HEIGHT="234">
            <Shape><Polygon POINTS="125 4632 121 4675 160 4701 164 4701 168 4701 173 4701 285 4680 779 4714 784 4714 957 4684 1026 4706 1031 4706 1035 4706 1173 4688 1208 4714 1212 4714 1217 4714 1221 4714 1225 4714 1230 4714 1277 4684 1507 4714 1511 4714 1516 4714 1572 4688 1793 4719 1797 4723 2075 4723 2075 4719 2079 4719 2083 4719 2109 4697 2200 4723 2204 4723 2209 4723 2213 4723 2217 4723 2243 4701 2330 4719 2334 4719 2339 4719 2438 4693 2737 4693 2742 4649 2742 4554 2651 4506 2646 4506 2642 4506 2538 4511 2534 4511 2529 4511 2499 4537 2460 4506 2456 4506 2451 4506 2447 4506 2443 4506 2438 4506 2395 4541 2105 4550 1932 4541 1888 4506 1884 4506 1880 4506 1875 4506 1871 4506 1867 4506 1867 4511 1836 4541 1745 4545 1516 4524 1511 4524 1156 4541 1100 4498 1095 4498 1091 4498 1018 4498 1013 4498 1009 4498 1005 4498 966 4532 905 4498 901 4498 801 4498 797 4498 792 4498 719 4532 563 4506 558 4506 554 4506 446 4537 125 4489 125 4632"/></Shape>
            <String CONTENT="Ie croy cela de cœur certainement:"
                    HPOS="121"
                    VPOS="4489"
                    WIDTH="2621"
                    HEIGHT="234"
                    WC="0.9768455922603607"></String>
          </TextLine>
          <TextLine ID="eSc_line_ca911ad1"
                    TAGREFS="LT8"
                    BASELINE="138 4853 3054 4853" 
                    HPOS="138"
                    VPOS="4701"
                    WIDTH="2916"
                    HEIGHT="234">
            <Shape><Polygon POINTS="138 4853 138 4905 602 4905 649 4931 654 4931 658 4931 662 4931 667 4931 671 4931 710 4905 827 4905 875 4935 879 4935 883 4935 888 4935 1126 4905 1234 4935 1238 4935 1243 4935 1247 4935 1360 4905 1711 4935 1715 4935 1719 4935 1802 4905 1862 4935 1867 4935 1871 4935 2105 4913 2555 4935 2560 4935 2564 4935 2642 4905 2798 4905 3049 4935 3054 4853 3054 4749 2915 4701 2911 4701 2755 4701 2750 4701 2746 4701 2577 4753 2343 4753 2295 4714 2291 4714 2287 4714 2282 4714 2278 4714 2274 4714 2226 4753 1823 4753 1702 4701 1698 4701 1693 4701 1689 4701 1685 4701 1615 4753 1559 4753 1485 4701 1481 4701 1477 4701 1472 4701 1468 4701 1381 4732 1286 4701 1282 4701 1277 4701 1273 4701 1269 4701 1199 4753 1061 4753 857 4701 853 4701 727 4723 610 4701 606 4701 602 4701 597 4701 524 4749 454 4719 450 4719 138 4701 138 4853"/></Shape>
            <String CONTENT="Faute de foy c’eſt douleur nompareille."
                    HPOS="138"
                    VPOS="4701"
                    WIDTH="2916"
                    HEIGHT="234"
                    WC="0.9821196672243949"></String>
          </TextLine>
          <TextLine ID="eSc_line_43dda9d0"
                    TAGREFS="LT10"
                    BASELINE="610 5074 2763 5056" 
                    HPOS="606"
                    VPOS="4909"
                    WIDTH="2157"
                    HEIGHT="243">
            <Shape><Polygon POINTS="610 5113 870 5152 875 5152 879 5152 987 5117 1494 5147 1498 5147 1503 5147 1507 5147 1550 5113 1672 5134 1676 5134 1680 5134 1741 5108 1797 5139 1802 5139 1806 5139 1810 5139 1867 5121 2114 5143 2118 5143 2763 5095 2763 5056 2755 4957 2629 4931 2625 4931 2620 4931 2616 4931 2586 4952 2430 4935 2425 4935 1901 4957 1849 4913 1845 4913 1841 4913 1680 4909 1676 4909 1672 4909 1511 4965 1464 4965 1416 4918 1416 4913 1412 4913 1407 4913 1403 4913 1195 4944 1152 4913 1147 4913 1143 4913 1139 4913 1134 4913 944 4965 888 4965 844 4922 844 4918 840 4918 836 4918 680 4918 675 4918 671 4918 667 4918 606 4952 610 5074"/></Shape>
            <String CONTENT="Chanſon des Dix comman¬"
                    HPOS="606"
                    VPOS="4909"
                    WIDTH="2157"
                    HEIGHT="243"
                    WC="0.9946635080420453"></String>
          </TextLine>
          <TextLine ID="eSc_line_4e4d0412"
                    TAGREFS="LT10"
                    BASELINE="1009 5281 2222 5281" 
                    HPOS="1009"
                    VPOS="5130"
                    WIDTH="1213"
                    HEIGHT="199">
            <Shape><Polygon POINTS="1009 5329 2222 5320 2222 5281 2222 5178 1953 5178 1888 5134 1884 5134 1880 5134 1875 5134 1728 5152 1698 5130 1693 5130 1689 5130 1602 5130 1598 5130 1594 5130 1589 5130 1533 5173 1212 5173 1156 5130 1152 5130 1147 5130 1048 5130 1044 5130 1039 5130 1035 5130 1035 5134 1009 5156 1009 5281"/></Shape>
            <String CONTENT="demens de Dieu."
                    HPOS="1009"
                    VPOS="5130"
                    WIDTH="1213"
                    HEIGHT="199"
                    WC="0.9880624413490295"></String>
          </TextLine>
          <TextLine ID="eSc_line_3f4c61c5"
                    TAGREFS="LT10"
                    BASELINE="545 5489 2768 5472" 
                    HPOS="541"
                    VPOS="5307"
                    WIDTH="2227"
                    HEIGHT="247">
            <Shape><Polygon POINTS="545 5528 762 5554 766 5554 771 5554 775 5554 775 5550 797 5533 1446 5550 1451 5550 2768 5524 2768 5472 2742 5342 2737 5351 2698 5312 2698 5307 2694 5307 2690 5307 2607 5307 2603 5307 2599 5307 2594 5307 2594 5312 2555 5346 2425 5351 2382 5312 2382 5307 2378 5307 2373 5307 2369 5307 2365 5307 2269 5359 2204 5359 2161 5320 2161 5316 2157 5316 2152 5316 2148 5316 2144 5316 2139 5316 2139 5320 2096 5364 1897 5364 1862 5338 1858 5338 1854 5338 1849 5338 1845 5338 1841 5338 1819 5359 1732 5312 1728 5312 1724 5312 1719 5312 1715 5312 1628 5368 1234 5368 1143 5316 1139 5316 1134 5316 992 5346 914 5320 909 5320 541 5320 545 5489"/></Shape>
            <String CONTENT="Sur le chant, Au bois de dueil."
                    HPOS="541"
                    VPOS="5307"
                    WIDTH="2227"
                    HEIGHT="247"
                    WC="0.9824954502044185"></String>
          </TextLine>
          <TextLine ID="eSc_line_7a66ac25"
                    TAGREFS="LT10"
                    BASELINE="701 5697 2560 5688" 
                    HPOS="697"
                    VPOS="5550"
                    WIDTH="1863"
                    HEIGHT="208">
            <Shape><Polygon POINTS="701 5736 1264 5758 1269 5758 1273 5758 1316 5736 1364 5758 1368 5758 1373 5758 1377 5758 1381 5758 1412 5736 1754 5753 1758 5753 2105 5732 2265 5753 2269 5753 2451 5732 2547 5753 2560 5688 2551 5593 2482 5593 2451 5563 2451 5559 2447 5559 2443 5559 2438 5559 2174 5589 2114 5550 2109 5550 2105 5550 2101 5550 1845 5589 1637 5563 1633 5563 1498 5593 1381 5559 1377 5559 1373 5559 1368 5559 1286 5597 1178 5597 1152 5571 1152 5567 1147 5567 1143 5567 697 5559 701 5697"/></Shape>
            <String CONTENT="Le premier commandement."
                    HPOS="697"
                    VPOS="5550"
                    WIDTH="1863"
                    HEIGHT="208"
                    WC="0.9879282390077909"></String>
          </TextLine>
          <TextLine ID="eSc_line_2a625be3"
                    TAGREFS="LT8"
                    BASELINE="509 5896 3088 5896" 
                    HPOS="509"
                    VPOS="5723"
                    WIDTH="2579"
                    HEIGHT="255">
            <Shape><Polygon POINTS="509 5934 732 5957 736 5957 1052 5939 1182 5965 1186 5965 1329 5939 1412 5965 1416 5965 1420 5965 1425 5965 1520 5935 1615 5965 1620 5965 1624 5965 1628 5965 1633 5965 1672 5931 1750 5961 1754 5961 1758 5965 1758 5961 1763 5961 1845 5931 1975 5965 1979 5965 1984 5965 1988 5965 2075 5944 2213 5965 2217 5965 2222 5965 2226 5965 2252 5944 2382 5974 2386 5978 2529 5978 2529 5974 2534 5974 2642 5935 2776 5970 2781 5970 2785 5970 2937 5935 3080 5952 3088 5896 3080 5792 3036 5771 2924 5775 2867 5727 2867 5723 2863 5723 2859 5723 2668 5723 2664 5723 2659 5723 2655 5723 2655 5727 2599 5775 2365 5753 2360 5753 2356 5753 2287 5779 1901 5779 1841 5723 1836 5723 1832 5723 1711 5723 1706 5723 1702 5723 1698 5723 1659 5753 1555 5736 1550 5736 1546 5736 1542 5736 1490 5775 1178 5723 1173 5723 1169 5723 1022 5779 719 5779 606 5723 602 5723 509 5723"/></Shape>
            <String CONTENT="Dore vn Dieu le Pere toutpuiſſant"
                    HPOS="509"
                    VPOS="5723"
                    WIDTH="2579"
                    HEIGHT="255"
                    WC="0.9984500588792743"></String>
          </TextLine>
          <TextLine ID="eSc_line_f473b3d0"
                    TAGREFS="LT8"
                    BASELINE="509 6093 3184 6104" 
                    HPOS="509"
                    VPOS="5952"
                    WIDTH="2675"
                    HEIGHT="230">
            <Shape><Polygon POINTS="541 5961 554 5961 1087 5996 1195 5952 1204 5952 1416 6000 1581 6000 1685 5952 1793 5952 1888 6000 1997 5978 2001 5978 2217 5996 2243 5974 2261 5974 2326 5996 2516 5957 2521 5957 2872 5987 2919 5957 3088 5957 3184 5987 3184 6104 3175 6152 2707 6152 2603 6173 2599 6173 2451 6152 2356 6182 2347 6182 2222 6156 2178 6182 2165 6182 1945 6147 1719 6178 1719 6182 1234 6182 1230 6178 1225 6178 1117 6152 935 6173 927 6173 827 6143 509 6162 509 5979"/></Shape>
            <String CONTENT="En verite ſans nulle œuure charnelle"
                    HPOS="509"
                    VPOS="5952"
                    WIDTH="2675"
                    HEIGHT="230"
                    WC="0.9928261157539156"></String>
          </TextLine>
          <TextLine ID="eSc_line_39ba7505"
                    TAGREFS="LT8"
                    BASELINE="134 6286 1247 6316 2846 6316" 
                    HPOS="134"
                    VPOS="6139"
                    WIDTH="2712"
                    HEIGHT="259">
            <Shape><Polygon POINTS="134 6286 134 6342 394 6342 480 6377 485 6377 489 6377 493 6377 498 6377 528 6351 788 6351 918 6390 922 6390 927 6390 1442 6364 1576 6394 1581 6394 1585 6394 1667 6355 1698 6381 1702 6381 1706 6381 1711 6381 1862 6355 1979 6398 1984 6398 1988 6398 2352 6364 2473 6390 2477 6390 2482 6390 2534 6364 2837 6385 2846 6316 2841 6212 2642 6191 2612 6160 2607 6160 2603 6160 2369 6160 2365 6160 2360 6160 2356 6160 2295 6208 1945 6208 1689 6182 1685 6182 1680 6182 1637 6199 1537 6156 1533 6156 1529 6156 1524 6156 1520 6156 1459 6204 1386 6204 1217 6199 1160 6147 1156 6147 1152 6147 1147 6147 961 6169 840 6152 836 6152 831 6152 827 6152 792 6173 706 6143 701 6143 697 6143 693 6143 589 6191 498 6143 493 6143 433 6143 428 6143 424 6143 420 6143 420 6147 372 6186 134 6139 134 6286"/></Shape>
            <String CONTENT="Par ſon ſeul Fils en ſeras cognoiſſant,"
                    HPOS="134"
                    VPOS="6139"
                    WIDTH="2712"
                    HEIGHT="259"
                    WC="0.9780743106817588"></String>
          </TextLine>
          <TextLine ID="eSc_line_5a1c5a30"
                    TAGREFS="LT8"
                    BASELINE="155 6498 1260 6533 2811 6520" 
                    HPOS="151"
                    VPOS="6355"
                    WIDTH="2660"
                    HEIGHT="290">
            <Shape><Polygon POINTS="155 6498 151 6589 212 6585 272 6632 277 6632 281 6632 285 6632 290 6632 463 6589 537 6589 589 6632 593 6632 597 6632 602 6632 606 6632 610 6632 662 6598 684 6619 688 6619 693 6619 697 6619 701 6619 758 6606 862 6632 866 6632 870 6632 875 6632 879 6632 905 6611 974 6632 979 6632 983 6632 987 6632 992 6632 1039 6598 1082 6615 1087 6615 1091 6615 1095 6615 1156 6593 1204 6637 1208 6637 1212 6637 1217 6641 1503 6641 1503 6637 1507 6637 1511 6637 1568 6593 1711 6593 1776 6637 1780 6637 1784 6637 1949 6641 1953 6645 2317 6645 2317 6641 2321 6641 2326 6641 2378 6598 2807 6598 2811 6520 2807 6424 2659 6368 2655 6368 2651 6368 2547 6390 2525 6372 2525 6368 2521 6368 2516 6368 2330 6368 2326 6368 2321 6368 2317 6368 2256 6420 1953 6420 1845 6364 1841 6364 1776 6364 1771 6364 1767 6364 1763 6364 1698 6420 1325 6420 1251 6372 1247 6372 1243 6372 1238 6372 1234 6372 1230 6372 1230 6377 1182 6420 1126 6420 1035 6359 1031 6359 1026 6359 918 6359 914 6359 909 6359 905 6359 836 6416 792 6416 727 6359 723 6359 719 6359 714 6359 710 6359 636 6385 541 6359 537 6359 532 6359 528 6359 415 6411 155 6355 155 6498"/></Shape>
            <String CONTENT="Qui eſt le Chriſt ton aduocat fidele."
                    HPOS="151"
                    VPOS="6355"
                    WIDTH="2660"
                    HEIGHT="290"
                    WC="0.9977453254364632"></String>
          </TextLine>
        </TextBlock>
        <TextBlock HPOS="93"
                   VPOS="5721"
                   WIDTH="424"
                   HEIGHT="432"
                   ID="eSc_textblock_d08566f1"
                   TAGREFS="BT10">
          <Shape><Polygon POINTS="124 6122 93 5721 494 5721 517 6153"/></Shape>
          <TextLine ID="eSc_line_887a3395"
                    TAGREFS="LT9"
                    BASELINE="125 6091 409 6092" 
                    HPOS="121"
                    VPOS="5742"
                    WIDTH="371"
                    HEIGHT="431">
            <Shape><Polygon POINTS="125 6091 125 5760 492 5742 409 6153 372 6143 259 6173 251 6173 121 6147"/></Shape>
            <String CONTENT="A"
                    HPOS="121"
                    VPOS="5742"
                    WIDTH="371"
                    HEIGHT="431"
                    WC="0.8317470550537109"></String>
          </TextLine>
        </TextBlock>
        <TextBlock HPOS="2252"
                   VPOS="6577"
                   WIDTH="625"
                   HEIGHT="247"
                   ID="eSc_textblock_360c0518"
                   TAGREFS="BT17">
          <Shape><Polygon POINTS="2252 6824 2252 6577 2877 6577 2877 6824"/></Shape>
          <TextLine ID="eSc_line_9dd8e9c2"
                    TAGREFS="LT8"
                    BASELINE="2356 6736 2720 6727" 
                    HPOS="2347"
                    VPOS="6576"
                    WIDTH="373"
                    HEIGHT="286">
            <Shape><Polygon POINTS="2356 6736 2356 6862 2720 6844 2720 6727 2707 6637 2594 6637 2547 6602 2542 6602 2538 6602 2534 6602 2529 6602 2482 6619 2438 6580 2438 6576 2434 6576 2430 6576 2347 6576 2356 6736"/></Shape>
            <String CONTENT="b .ii."
                    HPOS="2347"
                    VPOS="6576"
                    WIDTH="373"
                    HEIGHT="286"
                    ></String>
          </TextLine>
        </TextBlock>
      </PrintSpace>
    </Page>
  </Layout>
</alto>
