4267 7849
903 440 235 222 88

1823 466 1619 270 CHANSONS,

903 697 1924 244 Ie ne veux me douloir

894 902 1976 262 Pour luy endurer peine:

890 1092 2133 281 Car c’eſt luy qui me meine.

1073 1316 2871 288 Il appert bien qu’il a amour en nous,

890 1513 3014 309 Quand luy a pleu pour le ſalut de tous

903 1707 1695 261 Venir ça bas en terre,

859 1936 2138 252 Pour vaincre tant de loups

890 2119 2251 307 Qui nous faiſoyent la guerre,

837 2315 2049 275 Et nous tenoyent en ſerre.

1034 2537 2936 293 Helas mon Dieu il y a ſi long temps

855 2729 3189 336 Qu’en tõ ſainct lieu nous dois rẽdre cõtẽs

837 2923 1905 268 Tu as fait la promeſſe:

837 3146 1905 294 Sur nous ta grace eſtens,

804 3342 2363 294 Et nous mets hors: d’oppreſſe

831 3532 1610 307 Par diuine hauteſſe.

1016 3780 2901 301 Gens inſenſez & pourquoy allez tous

794 3968 3141 331 Boire au bourbier, qui eſt ſi loin de vous,

785 4166 1675 307 Et en fange vileine,

807 4408 1797 249 Ayans ſi pres de vous

778 4611 1820 261 L’eau de viue fonteine,

785 4774 1813 321 De ſalut toute pleine?

933 5014 3041 314 Helas Seigneur, vueille touſiours garder

765 5206 2873 321 Les tiens enfans, & les contregarder

811 5415 2493 308 Tant aux champs qu’en la ville,

759 5642 1535 249 Et les fais regarder

750 5834 1885 270 En ton ſainct Euangile,

767 6052 1802 262 A tout le monde vtile.

968 6226 2742 393 O Eternel, vueille nous pardonner

3590 6532 367 253 Tous
