4267 7756
310 835 3185 328 LE PREMIER LI¬

650 1180 2616 241 VRE DES CHANSONS

1357 1383 987 258 ſpirituelles.

512 1788 2996 237 Ce Cantique eſt vne priere pour toute l’Egliſe,

323 1986 3185 241 à l’exemple de celle que fait le Miniſtre au Diman

323 2188 3206 242 che, à la fin du ſermon en l’aſſemblee des fideles: et

331 2408 3177 250 ſe chante ſur le chant du Pſeaume 46. Des qu’ad¬

323 2619 1474 237 uerſié nous offenſe, etc.

525 2925 2086 276 Eigneur deliure ton Egliſe

556 3121 2534 323 De ceux qui par fauſſe entrepriſe

336 3365 2008 237 Se bandent pour la ruiner,

331 3567 1862 224 Et ta parole exterminer.

504 3742 2638 304 Dechaſſe, o Dieu, tous heretiques,

349 3949 2793 303 Tous ſeducteurs, traiſtres iniques,

349 4162 2793 291 Troubleurs de paix, machinans faux

349 4386 2245 250 Contre tes ſeruiteurs loyaux.

482 4584 2634 272 De chaſſe tous ces faux prophetes,

357 4787 2280 245 Auec leurs doctrines infectes:

366 4985 2806 284 Tous ceux qui taſchent d’empeſcher

366 5200 2508 246 Ton œuure, & tes eſleus faſcher.

508 5411 2302 237 Chaſſe de nous tous idolatres

357 5592 1879 281 Obſtinez, & opiniaſtres,

383 5817 2720 275 Tous enchanteurs, deuins, ſorciers,

362 6036 3258 276 Tous chiẽs, pourceaux, mauuais ouuriers.

510 6230 2651 317 Tous loups rauiſſans, hypocrites.

344 6437 2733 319 Et tous preſcheurs de faux merires,

342 2927 175 421 S

3368 633 136 310 3

2579 6728 524 317 a. ij
