4267 7656
952 603 345 205 254

957 761 2965 247 Qui ne cognoiſſe, & voye clairement,

965 982 3038 230 Que puis que Dieu a creé corps & ame,

957 1182 3093 234 Il veut qu’ẽ l’vn, & l’autro on le reclame

1178 1386 2867 255 Vous reſpondez, Noſtre cœur n’y eſ

965 1782 3089 251 Mais mal-heureux, ſcauriez -voꝰ faire u

1340 1650 370 191 pas:

1348 2037 370 238 pas,

978 2207 2744 251 Qu’en y allant l’affection treſorde

969 2437 3059 242 De voſtre cœur premier ne s’y accorde?

1152 2649 2868 204 Les iambes n’ont ny aduis ny raiſon:

986 2849 3068 234 Quãd vous ſortez doncques de la maiſore

965 3066 3106 209 Pour aller là, c’eſt le cœur qui commence,

974 3279 3080 234 Et qui conduit le corps, & qui l’auance.

1195 3470 2055 217 Si ainſi eſt la reſurr ection

969 3679 2562 238 Ne vous ſera qu’abus ou fiction:

978 3887 2574 251 Car fi le corps icy bas ſe pollue,

978 4112 2846 230 L’ame non plus n’en ſera impollue,

1250 4317 2812 246 Le Seigneur veut tous les deux rece

1399 4555 489 204 uoir,

978 4664 3008 312 Et ne veut point aucun partage auoit

995 4946 2855 226 Auec Satan: que ſi l’ame eſt damnee,

974 5142 3012 238 Deſſus le corps la ſentence eſt donnee.

1195 5363 2382 238 Il ne faut plus icy tergiuerſer,

1008 5567 2786 238 Vous ne pouuez le decret renuerſer

986 5776 2864 238 Du Souuerain, qui telle Loy a miſe

999 5980 3072 263 A tous ceux-là qu’il tient pour ſon Egliſe

1290 6156 2785 377 C’eſt qu’on le ſerue, & d’eſprit & e

1433 6431 545 267 orps,

1901 561 1506 208 CHANSONS

3966 6603 179 325 B
