4267 7656
859 480 400 213 240

1893 442 1510 217 CHANSONS

880 697 3170 242 Abandonnãt femme, enfãs, pere, & mere

889 901 2995 230 Les autres fait tellement pourchaſſer,

893 1122 3080 234 Qu’il les r’ameine en priſon treſamere.

1106 1331 2961 229 Et s’ils s’en vont, il faut par monts &

1178 1565 523 204 vaux,

923 1726 3139 260 Qu’ils ſoyẽt errãs ſans ayde de perſonne,

918 1952 3153 229 N’ayãs ſoulas en tous leurs grãds trauaux,

923 2156 3144 221 Fors du ſecours que ta bonté leur donne.

1135 2360 2787 213 Par les deſerts ils ont plus d’amitié

927 2569 3135 246 Des ours, des loups, & des beſtes ſauuages,

931 2777 3012 242 Et trouuent là beaucoup plus de pitié,

944 2994 3131 247 Qu’ils ne font pas des hõmes tes images.

1169 3194 2893 255 Cacher s’en vont (de crainte ) aux ro¬

1323 3428 1080 191 chers creux,

952 3623 2579 243 Pour euiter la cruauté, l’outrage

952 3845 2532 229 De ce tyran, de ce loup furieux

969 4044 2966 239 Qui les pourſuit d’vne mortelle rage.

1149 4236 2951 281 Et ſi quel qu’vn d’entreeux peut attrap

1348 4508 366 213 per,

957 4661 2880 234 Mourir le fait, d’vne mort doloreuſe,

969 4874 2906 259 Si poſſible eſt nul ne laiſſe eſchapper

978 5086 3097 260 Qu’il ne le bruſle en flamme rigoureuſe.

1140 5303 2816 243 Oncq’tabourins ne furent ſi tendus,

961 5508 3135 246 Comme ſouuent ſont tes poures fideles,

969 5720 2953 247 Eſtans en ceps, & gehenne eſtendus

986 5924 3098 247 Par ces bourreaux, en peines treſcruelles:

1220 6146 2659 238 Affligez ſont, angoiſſez & tentez,

969 6328 2868 311 Et lapidez, chaſſez de ville en ville:

3548 6524 544 289 Cruelle¬
