4267 7533
2901 301 281 243 307

699 301 1574 217 CANTIQVES.

230 518 2391 243 En lieux cauez aux riues de la mer,

217 728 2287 259 Quand Zabulon la petite lignee,

221 937 2542 243 Et Nephthali d’icellle accompagnee,

280 1134 2961 255 Marchoyẽt enſemble au peril de la mort

226 1339 2747 247 De ſeiourner n’auois-tu pas grand tort?

217 1544 3024 251 Beaucoup de gẽs vindrẽt pour les deffaire:

217 1745 2990 247 Mais Dieu tourna tout autrement l’affaire.

284 1954 2563 234 De Canaan en Thanach force Rois,

221 2176 2601 213 Auecques chars & belliqueux arrois,

213 2368 3028 230 De Mageddo ſur les eaux les chocquerent:

209 2573 3015 260 Mais pour argent aucun d’eux n’eſchap¬

360 2808 527 205 perent.

276 2979 2969 239 Car de ſon ciel le Seigneur combatoit,

213 3205 2420 222 Et par milliers ces braues abattoit.

205 3398 2709 222 On vid d◊ ciel les eſtoilles combattre

205 3611 2759 222 Contre S◊re, & tous ces rangs abattre.

259 3795 2973 247 Chiſon, ◊ſõ, ce fleuue inſigne & beau,

205 4017 2851 226 Les emport◊, comme ordure aual l’eau,

200 4222 2454 230 Les entrainoit: & ie paſſoye à nage

200 4423 3024 243 De pieds & mains, ſans crainte ne dõmage.

267 4636 2706 226 Tant fut bondy, tant couru par ce val,

217 4833 2684 235 Qu’il n’y eut pied ny ongles de cheual

221 5034 2555 230 Qu’on ne vid là de pennades caſſees,

196 5239 2764 239 Beſtes eſtans de forts hommes preſſees.

251 5453 2123 217 Ayez Meroſe en execration,

192 5641 2349 230 Dit l’Ange à tous, & ſa condition:

188 5850 2274 214 Pour auoir fait vne faute ſi laide,

200 6047 2689 297 Que de ſon Dieu n’eſtre venu à l’aide.

2035 6285 481 251 v .iiii.
