4267 7568
854 462 307 231 312

1750 403 1582 252 CANTIQVES.

862 643 2420 260 Tour y fonda preſſoir & creux,

862 853 2369 265 Eſperant raiſins, fruit parfaict:

858 1059 2234 235 Et des lambruſces elle a fait.

1056 1273 1788 244 Iuda & gent Iſraelite,

871 1488 2377 244 Ie vous fay iuges maintenant

871 1677 2365 236 Entre moy & ma gent eſlite.

887 1896 2668 260 Qu’ay ie omis qui fuſt conuenant?

879 2098 2626 243 Rien qui ſoit, i’en ſuis ſouuenant,

887 2299 2412 261 Et pour raiſins qu’ay ſouhaité,

892 2505 2154 261 Des lambruſces a rapporté.

1047 2720 2466 239 Ie vous diray, que ie veux faire:

900 2922 2100 243 La cloiſon luy demoliray,

904 3128 2698 243 La permettant rompre & diſtraire.

917 3338 1999 239 Et ſans tailler la laiſſeray,

927 3525 2386 259 Ronces y croiſtront, & feray,

938 3771 2436 223 Aux nues vn commandement

938 3968 2394 240 De n’y pleuuoir aucunemen◊

1136 4170 2638 248 La vigne au Seigneur magnifique,

959 4360 2394 243 C’eſt d’Iſrael la grand maiſon,

942 4582 2344 232 Iuda en eſt la plante vnique,

946 4776 2222 244 Duquel il attendoit raiſon.

951 4978 2011 243 Mais il a rendu trahiſon,

988 5205 1789 222 Il en attendoit equité:

997 5402 1569 223 Il a rendu iniquité.

1333 5583 2445 261 Du 52. d’Eſaie, ſur le chant, Il me

1792 5810 1578 231 fuffit de tous mes maux.

1586 6012 2167 214 Combien ſont iolis & beaux

1573 6218 2428 277 Aux mots les pieds de l’annonceur

1104 6029 417 555 O

3846 6441 172 239 De
