4267 8012
3122 396 303 213 251

677 338 1803 227 SPIRITVELLES.

249 609 2904 250 Mais de la main de voſtre Dieu prenez

249 845 3149 241 Ce qu’il voudra vous donner en ce monde,

236 1046 1835 240 En luy tout bien abonde:

240 1259 3105 272 Mais c’eſt mal fait quand l’autruy retenez.

935 1589 1167 244 Autre chanſon.

325 1802 3060 285 Toutes les nuicts le repos que puis pren¬

369 2016 321 218 dre,

236 2203 2801 280 Ceſt de la Loy de mon Dieu mediter,

218 2452 2819 249 Et quand Satan veut ailleurs m’agiter.

218 2666 3184 245 Entre les mains de mon Dieu me viens

276 2893 525 187 rendre,

213 3075 3185 294 En lieu plus ſeur ie ne pourroye pas tendre,

204 3311 2838 245 Pour tout mal-heur ſeulement euiter.

1077 3609 1185 227 Autre chanſon.

360 3792 2918 267 Toutes les nuicts ie penſe à ceſte vie

204 4019 2646 254 Qui nous attend en la gloire infinie

200 4233 3194 311 De noſtre Dieu, qui nous appelle aux

276 4473 458 178 cieux:

200 4642 2753 294 N’enſuyuant plus la folle compagnie

195 4887 2998 280 De ces mondains, qui ſont trop curieux,

1002 5158 1238 250 Autre chanſon.

347 5350 2926 271 Sans varier mon cœur ie te preſente,

187 5563 3202 299 Mon Dieu mon Roy, du tout te veux ſer¬

276 5786 254 214 uir,

187 5986 3015 316 En te ſeruant, grandement me contente:

204 6200 2780 289 Car c’eſt où giſt mon ſouuerain deſir.

195 6418 2459 343 Te deſirant ie ne puis pas languir,
