4267 7620
2906 444 344 258 273

673 423 1666 228 SPIRITVELLES.

322 664 2322 258 Car lean, Luc Marc, & Matthieu,

313 876 1703 254 Portent le glaiue de Dieu,

313 1079 1585 250 Et Paul auſſi qui ne ceſſe

309 1286 1699 238 De mettre partout le feu.

389 1498 2022 233 Tu veux grand mal à Martin

368 1697 1818 246 Qui le feu touſiours allume,

330 1909 2085 233 Qui eſt plus clair que criſtalin,

313 2120 1640 195 Et le tien ſans ceſſe fume,

313 2319 1759 233 Si que l’on goutte n’y voit,

317 2540 1365 215 La fumee tout deçoit,

313 2738 1814 238 Ou bien toy qui es aueugle,

313 2950 1526 191 Et ne ſcais tirer le droit.

389 3128 1704 241 Tu ſoulois le temps paſſé

313 3348 2136 254 Donner grand pardon & grace,

313 3539 1483 224 A preſent cela eſt paſſé,

313 3738 1780 237 Tout le monde te dechaſſe.

322 3958 1394 258 ll n'y a petit ny grand,

322 4165 1987 250 Gentilhomme ny marchant,

343 4368 1072 242 Qui ne die vilenie

309 4572 2051 241 Au faux Antechriſt meſchant.

360 4779 1923 250 Mais te faict il tant de peur?

322 4995 1839 237 N'as-tu pas aſſez quoy viure?

322 5185 1923 259 Tu ſcais bien il eſt tout ſeur,

313 5410 1759 262 Que de trop auoir es yure.

317 5617 1301 241 Et de quoy te ſeruira

313 5816 1937 250 Ton bien quand tout perira?

305 6019 1957 254 Et toy, c’eſt choſe trop ſeure:

305 6231 1872 301 Car Dieu point ne mentira.

2066 6470 509 241 ſ .iii.
