4267 7849
994 680 358 174 100

1919 636 1645 218 CHANSONS,

1212 898 2348 235 Vray reparateur des humains,

994 1094 2243 201 Et ſeul conſolateur du triſte:

986 1312 2294 205 Ie te requiers à iointes mains

977 1504 2138 231 Ne regarder à mon merite:

986 1722 2146 209 Iamais vn poure Sodomite

977 1909 2369 232 Ne fut tant endurci que moy,

981 2119 2505 222 Parquoy par la ſentence eſcrite,

981 2319 2295 218 Damné ſeray quant à la Loy.

1178 2533 2386 231 Ie ſerois donc en grand eſmoy

981 2725 2230 231 Si ie n’auoy' veu l’Euangile,

986 2930 2465 227 Là où Chriſt dit, Venez à moy,

972 3139 2431 227 Mon eſpouſe, mon fils, ma fille:

986 3340 2011 218 Ie ne veux eſtre ſi debile,

994 3558 2278 222 Que ie ne croye aſſeurément

1003 3750 2465 231 Que mon offenſe infame & vile

994 3963 1785 223 Ieſus a laué purement.

1173 4155 2518 244 Ieſus mon Seigneur & ſauueur,

972 4360 2138 205 Muni d’amiable concorde,

990 4574 2221 231 Qui portes ſi grande faueur,

977 4770 2120 205 Faiſant à tous miſericorde,

994 4975 2221 222 Tu nous as oſtez de la corde

977 5184 2199 223 Et du gibet où nous eſtions:

959 5385 2540 227 Laiſſer faut donc toute vie orde,

968 5603 2867 227 Et qu’en toy noſtre eſpoir mettions.

1173 5812 1850 205 Par toy auons creation,

977 6000 2509 222 Comme la Bible nous raconte:

977 6209 2107 218 Et par ta mort, remiſſion:

981 6423 2984 248 Mais aucuns n’en font pas grand conte:

3861 6606 235 261 Fole
