4267 7830
674 487 388 274 368

1692 437 1431 228 CANTIQVES.

709 700 3122 243 Chantons à Dieu, le Dieu qui nous a mis

705 917 2961 248 Hors de la main de tous nos ennemis,

714 1113 2031 283 Par ſa grande puiſſance.

875 1318 3004 256 Donnõs tout los, toute gloire & hõneur

696 1531 2961 274 A l’Eternel, puiſſant, & haut Seigneur,

731 1744 1920 270 Noſtre Dieu pitoyable:

940 1957 2952 257 Glorifions d’vn cœur prompt & ioyeux

709 2179 3057 257 Le Nom de Dieu, qui eſt tant gracieux,

766 2383 2059 240 Tant doux, tant amiable.

1010 2579 2878 270 Taſc hons que Dieu par tout ſoit adoré,

740 2788 2934 274 Et que de tous ſon Nom ſoit honoré,

744 3036 2077 239 En reuerence & crainte:

1149 3218 2582 253 Rendons à Dieu toute ſubiection,

766 3449 3017 248 Seruons luy tous de vraye affection,

770 3662 1811 231 Et ſans aucune feinte.

910 3862 2995 253 O biẽ-heureux, qui met tout ſon appuy

757 4058 3148 283 Au ſeul Seigneur, & qui marche apres luy

779 4293 2129 257 Nuit & iour à grand’ erre:

1162 4484 2756 257 O tout puiſſant, que tõ ſouuerain Nõ

761 4711 3166 256 Eſt merueilleux en grand bruit & renom

796 4932 1785 222 Au ciel & en la terre.

905 5119 3035 261 Biẽ-heureux eſt, qui peut touſiours pẽſer

770 5333 2861 274 A louer Dieu, & qui craint l’offenſer

801 5594 1724 213 En aucune maniere.

1153 5759 2678 257 Or le craignons en toute humilité,

814 5985 2373 265 Et l’adorons d’eſprit & verité,

822 6220 1794 226 Auec humble priere.

1027 6381 2956 326 Pere eternel fay qu’en vn meſme eſprit

3496 6603 470 274 Soyons
