4267 7533
2827 401 346 276 297

649 439 1645 247 CANTIQVES.

131 3339 239 471 E

138 690 2099 245 Lors on cognoiſtra, Sauueur

184 908 1750 226 Que tu me portes faueur.

184 1100 2106 243 Ton ſecours plus ne retarde

163 1314 1725 234 Duquel ie ſuis indigent:

159 1514 1813 247 Et auſſi, seigneur, regarde

184 1711 2207 255 Que c’eſt ton peuple & ta gent:

180 1925 2085 221 Monſtre luy donc au beſoin

175 2121 1528 277 Que tu as d’elle le ſoin.

339 2552 2613 239 Cantique de Moyſe, Deuteronome 32.

602 2753 1943 214 Sur le chant du Pſeaume 87.

772 2944 1534 263 Dieu pour fonder, &c.

339 3339 2677 245 Scoutez cieux, & preſtez audience

402 3553 2834 263 A ◊ous les mots leſquels ie parleray,

175 3783 2638 230 Et aux pr◊pos que de bouche diray,

188 3979 2404 231 La terre ausſi oye & face ſilence.

230 4185 2730 242 Comparer puis à pluye ma doctrine

192 4394 2425 226 Et mon parler à rouſee coulant:

188 4586 2919 239 Comme pluye eſt ſur l’herbe diſtillant,

175 4808 2509 226 Ou tout ainſi que ſur verdure fine.

251 4988 3039 259 I’inuoqueray du Seigneur le Nom di¬

383 5229 415 213 gne:

200 5407 2856 217 Los & honneur à noſtre Dieu donnez,

200 5624 2814 214 Le roc duquel œuures ſont ordonnez,

175 5812 2734 264 Ses voyes ſont iugement ſans rapine.

263 6022 2827 209 Sans fauſſeté Dieu ſeul eſt veritable,

205 6223 3065 305 Bon, iuſte, & droit: en maux ſe ſont pollus,
