989 1483
161 239 113 129 O

308 39 434 60 Chanſon ſur le chant, Dy

309 88 426 62 moy more pour ta foy.

275 236 315 58 R dy Pape ſur ta loy

280 284 404 60 Sy tu ne viz pas en crainte,

270 331 353 58 De te faire preſter foy,

166 379 491 60 Comme à Dieu & choſe ſaincte?

170 430 462 61 Tu ſcais bien que tout eſt faulx,

171 483 428 54 Tant toy que tes Cardinaulx,

175 528 495 61 Tant Eueſques qu’Archeueſques,

173 578 431 58 D’ont ſortent infiniz maulx.

216 626 379 59 Reſponds moy ſi tu as leu

177 674 352 60 De la Primitiue Egliſe,

180 720 429 62 Comment le Pape eſtoit eſleu

181 772 455 60 D’vn chaſcun par bonne guiſe:

184 823 409 60 Non pas ainſi par ſupport,

186 873 442 57 Maint vn en ſouffre la mort,

186 917 423 64 Le ſainct Eſprit n'y eſt mie,

189 970 388 55 Mais Satan puant & ort.

239 1015 370 61 Qne ſera-il de toy faict?

188 1065 418 63 Il eſt temps que tu y penſes:

191 1114 362 60 Autrement tu es defaict

192 1162 443 63 Sans briſer ny froiſſer lances:

196 1211 545 61 Car lehan, Luc, Marc & Matthieu,

192 1259 403 71 Portent le glaiue de Dieu,
