958 1487
121 52 375 64 Et Pol außi, qui ne ceſſe

119 104 395 62 De mettre par tout le feu.

165 153 448 62 Tu veulx grand mal à Martin

122 199 411 66 Qui le feu touſiours allume,

119 246 457 72 Qui eſt plus clair que criſtalin,

110 296 389 66 Et le tien ſans ceſſe fume,

108 348 394 63 Si que lon goute n’y voit,

104 396 360 61 La fumée tout deçoit,

106 442 408 67 Ou bien toy qui es aueugle

109 491 386 60 Et ne ſcais tirer le droit.

158 539 380 67 Tu ſoulois le temps paſsé

99 589 501 70 Donner grand pardon & grace,

98 636 369 66 A preſent cela eſt paſsé

100 684 393 69 Tout le monde te dechaſse.

95 735 341 64 Il n’y a petit ny grand,

100 785 430 60 Gentilhomme ny marchant,

96 832 312 61 Qui ne die villennie

96 880 473 66 Au faulx Antechriſt meſchant.

128 933 425 64 Mais te faict il tant de peur?

93 982 468 63 N’as-tu pas aßez quoy viure?

93 1027 440 66 Tu ſcais bien il eſt tout ſeur,

93 1081 413 61 Que de trop auoir es iure.

88 1126 333 64 Et de quoy te ſeruira

92 1177 419 60 Ton bien quand tout perira

86 1222 469 71 Et toy, c’eſt choſe trop ſeure:

90 1276 419 69 Car Dieu point ne mentira.

495 1334 263 68 a 5 Lon
