951 1489
85 542 72 103 E

86 23 495 50 En IESVS nous aurons repos

87 69 544 59 Qui oeuure l’huis non pas clement:

81 118 476 56 Il ne peult ce: car ſa clef ment.

82 167 482 58 Or entendez meſchantz ſuppos

80 214 459 59 L’Euangile est nostre propos,

81 264 228 53 Nostre ſoulas.

75 310 477 61 Elle nous faict de ſens compos,

76 359 539 64 Mais le Pape nous tient ſoubz laqz.

126 440 639 58 Autre chanſon ſur le chant, ſur toutes

139 490 559 63 fleurs i’ayme la marguerite &c.

159 550 609 62 N toy mon Dieu i’ay mis mon eſperance,

162 596 527 64 Ne me confondz pas eternellement,

74 650 607 58 Tous ceux qui ont en toy leur confiance

76 695 601 64 Confuz ne ſont, ains ilz ſont ſeurement,

177 748 279 53 En toy mon Dieu.

71 792 605 63 De toy ſeul eſt mon ſecours, ma defence,

74 845 669 58 Qui tiens ciel, mer, & terre entre tes mains,

72 891 602 61 L’homme eſt maudict qui ne ſe fie en ce,

74 946 628 57 Quant eſt de moy, ie ſuis & ſoir & mains

173 995 285 50 En toy mon Dieu.

70 1039 565 58 Comme le cerf, en vng estang ſe lance

72 1089 655 60 Quand eſt chaſſé des veneurs & des chiens,

66 1139 642 58 Semblablement, quand mon ame est en tranſe

69 1190 570 62 A toy ie cours, & par foy me ſoustiens,

168 1237 276 66 En toy mon Dieu.

729 1291 82 51 Rien
