948 1486
59 39 576 64 Plus faulx erreur n'y a deſſouz la nue:

61 93 576 58 Ie ne produictz que venin & ordure.

108 139 643 63 I'ay trop duré, il eſt temps que ie meure,

62 189 592 55 A mort à mort tout le monde me crie:

61 236 608 62 Pnis qu'ainſi eſt que chaſcun me deſcrie,

68 286 661 59 Tomber m'enuois, ie ſuis deſia trop meure.

113 333 655 64 C’eſt le ſupport que i'ay de vous ſainct pere,

66 383 594 59 Ou ſont voz gens ou eſt voſtre clergie?

65 431 584 61 Pour vray l'Egliſe en eſt treſmal regie,

67 482 575 57 Si mal me vient, ce vous eſt vitupere.

102 528 534 62 N'y a il droict, n’y a il eſchripture

65 578 573 60 Par qui ie ſois prouée & maintenue?

62 629 531 56 Ie ne me puis maintenir toute nue,

66 677 566 58 Car verité contre moy faict procure.

118 726 652 64 Vous mes ſuppotz maintenez voſtre meſſe,

61 761 651 72 A vous me plaintz bien doulente & marrie:

64 825 523 53 Car voſtre pance en a eſté nourrie,

65 869 626 63 vous la perdrez s’ainſi lon me deſchaſſe.

113 920 593 65 Si n'ay ſecours de vous auſquelz me fie,

62 967 466 62 Diuerſitez de beſtes inſenſſées,

66 1017 571 62 Et deſguiſées, ſeront bien mal penſées:

70 1068 458 60 Car verité puiſſante me deffie.

98 1117 679 67 Tous mes Chaſteaux, prieurez, & chapelles,

71 1166 621 60 Clochiers & Croix, monaſteres & Cures

69 1215 662 65 Belles Chanſons, mes marchez & mes foyres,

72 1264 591 81 Ruyner voys, puis que la mort m'appelle

503 1316 311 80 b Mes
