<?xml version="1.0" encoding="UTF-8"?>
<alto xmlns:xsi="http://www.w3.org/2001/XMLSchema-instance"
      xmlns="http://www.loc.gov/standards/alto/ns-v4#"
      xsi:schemaLocation="http://www.loc.gov/standards/alto/ns-v4# http://www.loc.gov/standards/alto/v4/alto-4-2.xsd">
  <Description>
    <MeasurementUnit>pixel</MeasurementUnit>
    <sourceImageInformation>
      <fileName>24_45bba_default.jpg</fileName>
      <fileIdentifier>https://iiif.onb.ac.at/images/ABO/Z182216605/00000025/full/full/0/default.jpg</fileIdentifier>
    </sourceImageInformation>
  </Description>
  <Tags>
    <OtherTag ID="BT10" LABEL="DropCapitalZone" DESCRIPTION="block type DropCapitalZone"/><OtherTag ID="BT11" LABEL="GraphicZone" DESCRIPTION="block type GraphicZone"/><OtherTag ID="BT12" LABEL="MainZone" DESCRIPTION="block type MainZone"/><OtherTag ID="BT13" LABEL="MarginTextZone" DESCRIPTION="block type MarginTextZone"/><OtherTag ID="BT15" LABEL="NumberingZone" DESCRIPTION="block type NumberingZone"/><OtherTag ID="BT17" LABEL="QuireMarksZone" DESCRIPTION="block type QuireMarksZone"/><OtherTag ID="BT18" LABEL="RunningTitleZone" DESCRIPTION="block type RunningTitleZone"/><OtherTag ID="BT20" LABEL="StampZone" DESCRIPTION="block type StampZone"/><OtherTag ID="BT21" LABEL="TableZone" DESCRIPTION="block type TableZone"/><OtherTag ID="BT22" LABEL="TitlePageZone" DESCRIPTION="block type TitlePageZone"/><OtherTag ID="BT3041" LABEL="MarginTextZone:handwrittenAddition" DESCRIPTION="block type MarginTextZone:handwrittenAddition"/>
    <OtherTag ID="LT8" LABEL="DefaultLine" DESCRIPTION="line type DefaultLine"/><OtherTag ID="LT9" LABEL="DropCapitalLine" DESCRIPTION="line type DropCapitalLine"/><OtherTag ID="LT10" LABEL="HeadingLine" DESCRIPTION="line type HeadingLine"/>
  </Tags>
  <Layout>
    <Page WIDTH="945"
          HEIGHT="1486"
          PHYSICAL_IMG_NR="24"
          ID="eSc_dummypage_">
      <PrintSpace HPOS="0"
                  VPOS="0"
                  WIDTH="945"
                  HEIGHT="1486">
        <TextBlock HPOS="63"
                   VPOS="42"
                   WIDTH="618"
                   HEIGHT="1291"
                   ID="eSc_textblock_61624e03"
                   TAGREFS="BT12">
          <Shape><Polygon POINTS="63 42 63 1333 292 1333 676 1237 624 1099 546 850 681 432 572 42"/></Shape>
          <TextLine ID="eSc_line_f8c29e45"
                    TAGREFS="LT8"
                    BASELINE="76 85 573 83" 
                    HPOS="75"
                    VPOS="42"
                    WIDTH="498"
                    HEIGHT="58">
            <Shape><Polygon POINTS="555 49 546 49 538 49 530 48 522 48 513 48 505 48 497 48 489 48 480 47 472 47 464 47 455 47 447 47 439 47 431 47 422 47 414 47 411 47 404 50 391 47 389 47 381 46 373 46 365 46 356 46 356 46 350 49 341 46 340 46 332 46 323 45 317 45 308 49 302 45 299 45 290 45 282 45 274 44 265 44 257 44 252 47 237 44 232 44 224 43 220 43 210 51 194 47 193 47 192 47 161 51 124 42 123 42 123 42 122 42 106 48 95 42 94 42 94 42 93 42 81 43 75 50 76 85 76 95 84 99 85 99 85 99 86 99 87 99 95 94 141 94 168 99 169 99 170 99 170 99 170 98 175 94 191 94 199 99 199 99 200 99 201 99 202 99 222 94 238 99 239 99 240 99 259 96 275 100 275 100 276 100 277 100 288 94 309 100 310 100 311 100 312 100 313 100 313 99 319 94 332 98 332 98 333 98 334 98 350 93 368 100 369 100 370 100 370 100 381 95 384 99 384 99 385 99 386 99 387 99 434 94 443 99 444 99 445 99 446 100 487 100 487 99 488 99 489 99 498 93 517 99 517 99 518 99 519 99 520 99 530 92 559 98 560 98 560 98 573 93 573 83 571 50 556 49 555 49"/></Shape>
            <String CONTENT="D’vn medecin ſur les chaffaux,"
                    HPOS="75"
                    VPOS="42"
                    WIDTH="498"
                    HEIGHT="58"
                    ></String>
          </TextLine>
          <TextLine ID="eSc_line_b725ef5b"
                    TAGREFS="LT8"
                    BASELINE="75 134 508 135" 
                    HPOS="73"
                    VPOS="89"
                    WIDTH="434"
                    HEIGHT="62">
            <Shape><Polygon POINTS="74 133 73 142 151 151 152 151 209 144 248 151 250 151 506 144 507 134 506 97 452 97 444 90 444 89 443 89 442 89 376 89 375 89 374 89 372 89 361 96 338 89 336 89 335 89 334 89 308 95 293 89 292 89 291 89 289 89 262 97 173 97 153 89 152 89 151 89 149 89 128 96 74 96 74 133"/></Shape>
            <String CONTENT="Mais debile eſt ſa reſiſtence"
                    HPOS="73"
                    VPOS="89"
                    WIDTH="434"
                    HEIGHT="62"
                    WC="0.9665310485609646"></String>
          </TextLine>
          <TextLine ID="eSc_line_04ace435"
                    TAGREFS="LT8"
                    BASELINE="74 183 503 183" 
                    HPOS="74"
                    VPOS="144"
                    WIDTH="429"
                    HEIGHT="57">
            <Shape><Polygon POINTS="74 183 74 193 95 193 104 198 104 198 105 198 106 198 138 193 151 198 151 198 187 198 188 198 189 198 189 198 196 194 212 200 213 200 213 200 214 200 244 193 277 193 288 199 289 199 289 199 290 199 291 199 306 193 323 200 324 200 325 201 337 201 337 200 337 200 338 200 347 193 370 193 379 200 379 200 380 200 381 201 427 201 427 200 427 200 428 200 438 193 456 199 457 199 458 199 492 198 493 198 503 193 503 183 503 154 460 146 459 146 458 146 437 151 430 145 430 144 429 144 428 144 405 144 404 144 403 144 403 144 390 153 365 153 356 145 356 144 355 144 354 144 338 144 337 144 337 144 336 144 322 153 303 149 302 149 270 153 261 145 261 144 260 144 259 144 246 144 245 144 244 144 243 144 229 153 213 146 212 146 211 146 183 152 159 145 158 145 101 144 100 144 99 144 99 144 85 154 74 154 74 183"/></Shape>
            <String CONTENT="A l&#x27;Euangile &amp; ſes aſſautz."
                    HPOS="74"
                    VPOS="144"
                    WIDTH="429"
                    HEIGHT="57"
                    WC="0.9659402193846526"></String>
          </TextLine>
          <TextLine ID="eSc_line_ab06f9dd"
                    TAGREFS="LT8"
                    BASELINE="73 231 542 228" 
                    HPOS="70"
                    VPOS="188"
                    WIDTH="471"
                    HEIGHT="63">
            <Shape><Polygon POINTS="71 230 71 243 277 251 278 251 541 241 541 227 538 196 471 189 470 189 469 189 454 195 444 188 443 188 442 188 440 188 406 195 314 189 313 189 312 189 310 189 302 196 262 190 261 190 260 190 243 196 236 189 235 189 234 189 232 189 142 196 123 189 122 189 121 189 70 190 71 230"/></Shape>
            <String CONTENT="Rien n&#x27;y font cyrotz ne bolus,"
                    HPOS="70"
                    VPOS="188"
                    WIDTH="471"
                    HEIGHT="63"
                    ></String>
          </TextLine>
          <TextLine ID="eSc_line_b5c06aa0"
                    TAGREFS="LT8"
                    BASELINE="75 279 289 281" 
                    HPOS="73"
                    VPOS="237"
                    WIDTH="215"
                    HEIGHT="58">
            <Shape><Polygon POINTS="74 278 73 295 287 289 288 279 286 241 108 243 74 237 74 278"/></Shape>
            <String CONTENT="preſtres &amp;c."
                    HPOS="73"
                    VPOS="237"
                    WIDTH="215"
                    HEIGHT="58"
                    ></String>
          </TextLine>
          <TextLine ID="eSc_line_1df83cde"
                    TAGREFS="LT8"
                    BASELINE="118 331 310 328 577 334" 
                    HPOS="116"
                    VPOS="286"
                    WIDTH="459"
                    HEIGHT="64">
            <Shape><Polygon POINTS="117 330 116 343 367 341 385 349 386 349 387 349 417 344 556 350 557 350 558 350 574 341 575 333 573 294 470 297 427 286 426 286 424 286 423 286 422 286 407 295 397 288 396 288 395 288 326 286 325 286 324 286 291 295 277 286 276 286 274 286 273 286 272 286 252 294 200 286 199 286 198 286 196 286 196 287 187 294 142 287 141 287 139 287 117 293 117 330"/></Shape>
            <String CONTENT="Ie croy pour toute allegeance"
                    HPOS="116"
                    VPOS="286"
                    WIDTH="459"
                    HEIGHT="64"
                    WC="0.9825689319906563"></String>
          </TextLine>
          <TextLine ID="eSc_line_f47cacce"
                    TAGREFS="LT8"
                    BASELINE="72 377 484 378" 
                    HPOS="71"
                    VPOS="338"
                    WIDTH="413"
                    HEIGHT="58">
            <Shape><Polygon POINTS="72 377 71 386 100 394 101 394 102 394 103 394 123 388 147 394 148 394 149 395 172 395 172 394 173 394 174 394 174 393 181 388 225 392 226 392 256 388 277 395 278 395 279 396 326 396 326 395 327 395 351 388 388 388 405 395 406 395 407 396 432 396 432 395 433 395 446 388 458 394 459 394 460 394 460 394 475 388 480 393 484 378 484 350 421 348 413 340 412 340 411 340 410 340 409 340 398 344 377 339 376 339 375 339 337 340 337 340 336 340 336 341 331 345 320 339 319 339 318 339 298 339 297 339 296 339 295 339 283 348 258 344 257 344 256 344 256 344 256 345 251 349 200 349 181 338 180 338 130 338 129 338 128 338 128 338 114 348 72 348 72 377"/></Shape>
            <String CONTENT="vn cliſtere me faut donner"
                    HPOS="71"
                    VPOS="338"
                    WIDTH="413"
                    HEIGHT="58"
                    ></String>
          </TextLine>
          <TextLine ID="eSc_line_74f582a1"
                    TAGREFS="LT8"
                    BASELINE="70 429 669 428" 
                    HPOS="69"
                    VPOS="388"
                    WIDTH="600"
                    HEIGHT="60">
            <Shape><Polygon POINTS="70 429 70 442 132 447 133 447 134 447 135 447 144 440 163 444 164 444 165 444 175 440 181 445 182 445 183 445 184 446 214 446 214 445 215 445 216 445 226 440 327 440 349 447 350 447 351 448 389 448 389 447 390 447 415 440 450 440 474 444 474 444 475 444 484 441 493 447 493 447 494 447 495 448 609 448 609 447 641 442 668 446 669 428 666 388 618 394 603 388 603 388 602 388 601 388 593 392 588 388 588 388 587 388 552 388 551 388 550 388 532 397 489 397 455 388 455 388 436 388 436 388 435 388 413 397 387 388 386 388 385 388 384 388 384 388 368 397 275 397 257 388 256 388 225 388 224 388 223 388 209 394 203 390 202 390 201 390 200 390 199 390 186 397 151 389 150 389 149 389 129 397 109 390 108 390 107 390 69 392 70 429"/></Shape>
            <String CONTENT="Pour vuyder: car plus n’ay puiſſance,"
                    HPOS="69"
                    VPOS="388"
                    WIDTH="600"
                    HEIGHT="60"
                    ></String>
          </TextLine>
          <TextLine ID="eSc_line_b4220d4e"
                    TAGREFS="LT8"
                    BASELINE="71 476 571 477" 
                    HPOS="69"
                    VPOS="435"
                    WIDTH="501"
                    HEIGHT="61">
            <Shape><Polygon POINTS="70 475 69 484 112 496 153 496 164 486 303 486 312 494 348 486 365 495 370 495 378 486 409 496 552 496 569 487 570 476 568 438 537 444 515 435 484 444 475 435 437 435 417 444 388 438 356 443 346 435 320 444 266 435 248 445 198 445 152 435 104 444 81 435 70 442 70 475"/></Shape>
            <String CONTENT="Contre IESVS vn mot ſonner:"
                    HPOS="69"
                    VPOS="435"
                    WIDTH="501"
                    HEIGHT="61"
                    ></String>
          </TextLine>
          <TextLine ID="eSc_line_72618fa5"
                    TAGREFS="LT8"
                    BASELINE="69 525 500 525" 
                    HPOS="68"
                    VPOS="480"
                    WIDTH="431"
                    HEIGHT="64">
            <Shape><Polygon POINTS="68 523 68 536 142 536 153 544 154 544 156 544 157 544 204 536 229 542 230 542 231 542 232 542 234 542 241 536 283 537 289 543 289 544 291 544 292 544 293 544 499 538 499 523 499 490 414 490 402 480 401 480 400 480 398 480 397 480 378 489 349 480 348 480 346 480 211 487 174 480 173 480 172 480 152 489 68 484 68 523"/></Shape>
            <String CONTENT="Il me faut terre abandonner"
                    HPOS="68"
                    VPOS="480"
                    WIDTH="431"
                    HEIGHT="64"
                    ></String>
          </TextLine>
          <TextLine ID="eSc_line_ec1d2874"
                    TAGREFS="LT8"
                    BASELINE="69 572 553 575" 
                    HPOS="68"
                    VPOS="534"
                    WIDTH="485"
                    HEIGHT="57">
            <Shape><Polygon POINTS="69 572 68 585 108 584 113 589 113 590 114 590 115 590 116 591 132 591 132 590 132 590 133 590 142 584 177 590 178 590 179 590 180 590 188 584 210 589 211 589 212 589 229 584 247 591 248 591 249 591 250 591 261 586 272 591 273 591 274 591 275 591 275 591 275 590 281 585 294 589 295 589 296 589 315 585 321 590 321 591 322 591 322 591 323 591 345 591 345 591 346 591 358 585 398 591 398 591 438 586 444 591 445 591 446 591 446 591 552 587 553 575 553 546 512 544 506 537 506 536 505 536 504 536 491 536 490 536 489 536 489 536 477 545 451 538 451 538 450 538 449 538 448 538 440 545 427 541 427 541 426 541 376 544 367 536 367 535 366 535 365 535 342 535 341 535 341 535 321 544 300 535 299 535 299 535 298 535 280 545 231 545 206 534 205 534 204 534 172 537 171 537 158 544 147 534 146 534 145 534 144 534 113 539 85 534 85 534 84 534 69 540 69 572"/></Shape>
            <String CONTENT="Deſcendre aux infernaux palus."
                    HPOS="68"
                    VPOS="534"
                    WIDTH="485"
                    HEIGHT="57"
                    WC="0.9890172262986501"></String>
          </TextLine>
          <TextLine ID="eSc_line_799b7ed1"
                    TAGREFS="LT8"
                    BASELINE="69 625 296 620" 
                    HPOS="67"
                    VPOS="580"
                    WIDTH="229"
                    HEIGHT="63">
            <Shape><Polygon POINTS="69 625 69 637 88 643 89 643 90 643 132 643 132 643 166 633 187 639 188 639 189 639 189 639 206 633 218 641 218 641 219 641 220 641 221 641 240 630 296 629 296 620 294 590 257 590 232 580 231 580 230 580 229 580 213 587 196 581 195 581 194 581 194 581 166 591 156 582 156 581 155 581 154 581 153 581 134 582 133 582 132 582 119 591 104 591 95 583 95 582 94 582 94 582 93 582 67 583 69 625"/></Shape>
            <String CONTENT="Preſtres &amp;c."
                    HPOS="67"
                    VPOS="580"
                    WIDTH="229"
                    HEIGHT="63"
                    ></String>
          </TextLine>
          <TextLine ID="eSc_line_d133f4ad"
                    TAGREFS="LT8"
                    BASELINE="109 672 558 671" 
                    HPOS="108"
                    VPOS="629"
                    WIDTH="450"
                    HEIGHT="60">
            <Shape><Polygon POINTS="109 672 109 681 154 686 155 686 210 681 226 689 227 689 227 689 228 689 250 682 265 689 266 689 267 689 268 689 283 685 321 688 322 688 322 688 323 688 323 687 328 683 373 689 374 689 557 684 558 671 556 640 491 640 482 631 482 630 481 630 480 630 479 630 433 636 426 630 425 630 424 630 423 630 422 630 406 636 399 630 399 629 398 629 398 629 372 629 371 629 370 629 341 638 311 629 310 629 309 629 289 630 289 630 288 630 288 631 280 637 246 629 245 629 244 629 243 629 243 630 232 640 201 640 184 630 183 630 182 630 181 630 155 638 144 631 143 631 142 631 142 631 141 631 140 631 127 639 108 639 109 672"/></Shape>
            <String CONTENT="Il nous faut prendre patience"
                    HPOS="108"
                    VPOS="629"
                    WIDTH="450"
                    HEIGHT="60"
                    WC="0.980633439688847"></String>
          </TextLine>
          <TextLine ID="eSc_line_204bfd98"
                    TAGREFS="LT8"
                    BASELINE="72 721 562 721" 
                    HPOS="72"
                    VPOS="683"
                    WIDTH="490"
                    HEIGHT="58">
            <Shape><Polygon POINTS="72 721 72 733 94 740 95 740 96 741 133 741 133 740 134 740 135 740 135 739 138 736 147 740 148 740 149 741 217 741 217 740 237 738 237 738 238 738 238 738 246 731 265 739 266 739 267 739 268 739 290 730 330 730 346 736 346 736 347 736 348 736 349 736 356 730 376 734 377 734 378 734 389 730 408 732 417 739 417 739 418 739 419 739 420 739 421 739 436 730 451 737 451 737 452 737 482 730 513 735 514 735 536 732 552 740 553 740 554 740 555 740 555 740 562 735 562 721 561 689 503 690 486 684 485 684 484 684 484 684 468 690 460 684 460 683 460 683 459 683 458 683 432 689 400 683 399 683 398 683 398 683 398 684 389 691 330 691 322 684 322 683 322 683 321 683 320 683 319 683 306 689 294 683 294 683 270 683 270 683 269 683 268 683 259 690 215 685 214 685 213 685 191 690 183 683 182 683 181 683 156 683 155 683 118 690 109 684 109 683 109 683 108 683 92 683 91 683 90 683 72 689 72 721"/></Shape>
            <String CONTENT="Més ſuppotz ie vous dy à Dieu,"
                    HPOS="72"
                    VPOS="683"
                    WIDTH="490"
                    HEIGHT="58"
                    ></String>
          </TextLine>
          <TextLine ID="eSc_line_a969145d"
                    TAGREFS="LT8"
                    BASELINE="72 771 543 768" 
                    HPOS="71"
                    VPOS="733"
                    WIDTH="472"
                    HEIGHT="53">
            <Shape><Polygon POINTS="72 771 72 780 123 780 149 785 150 785 172 780 177 785 177 785 178 785 179 785 180 786 204 786 204 785 205 785 229 779 238 785 239 785 240 785 241 785 242 785 255 779 263 785 264 785 265 785 265 785 296 779 330 779 336 784 337 784 337 784 338 784 360 780 365 784 365 785 365 785 366 785 367 785 391 784 392 784 393 784 393 783 399 778 428 782 429 782 449 778 463 784 464 784 465 784 465 784 475 779 480 784 481 784 482 784 483 784 543 780 543 768 541 741 498 735 498 735 474 740 430 733 429 733 397 739 386 735 385 735 384 735 384 735 383 735 375 741 362 734 361 734 360 734 299 741 251 734 251 734 250 734 227 742 164 735 163 735 162 735 161 735 161 736 155 742 133 738 132 738 104 742 90 737 90 737 89 737 88 737 71 742 72 771"/></Shape>
            <String CONTENT="Faites de voz maux penitence,"
                    HPOS="71"
                    VPOS="733"
                    WIDTH="472"
                    HEIGHT="53"
                    WC="0.9634649095864132"></String>
          </TextLine>
          <TextLine ID="eSc_line_84fd5f1f"
                    TAGREFS="LT8"
                    BASELINE="73 820 541 818" 
                    HPOS="72"
                    VPOS="780"
                    WIDTH="469"
                    HEIGHT="58">
            <Shape><Polygon POINTS="73 820 73 835 295 837 296 837 297 837 298 837 308 831 319 837 320 837 321 838 321 837 322 837 333 831 342 837 343 837 344 837 345 837 346 837 362 832 375 836 376 836 377 836 378 836 379 836 386 830 436 835 437 835 460 830 479 834 480 834 541 828 541 818 540 786 512 781 512 781 511 781 499 785 491 780 490 780 489 780 489 780 439 784 434 780 433 780 432 780 395 780 394 780 394 780 393 780 383 786 368 782 367 782 366 782 365 782 350 786 343 782 342 782 341 782 341 782 340 782 339 782 333 786 298 782 297 782 296 782 279 786 257 782 256 782 226 786 206 782 205 782 204 782 204 782 198 788 156 788 150 782 150 781 149 781 148 781 130 781 129 781 128 781 128 781 120 788 99 788 72 782 73 820"/></Shape>
            <String CONTENT="Pouruoyez vous en autre lieu"
                    HPOS="72"
                    VPOS="780"
                    WIDTH="469"
                    HEIGHT="58"
                    ></String>
          </TextLine>
          <TextLine ID="eSc_line_3e930066"
                    TAGREFS="LT8"
                    BASELINE="74 869 521 866" 
                    HPOS="73"
                    VPOS="829"
                    WIDTH="448"
                    HEIGHT="57">
            <Shape><Polygon POINTS="74 869 74 877 113 875 148 885 149 885 150 886 200 886 200 885 201 885 224 875 234 875 246 884 247 884 248 884 249 884 250 884 251 884 263 875 326 881 327 881 327 881 341 875 387 884 388 884 389 884 412 875 437 884 438 884 439 884 474 884 474 884 474 884 494 874 520 874 521 866 519 842 489 837 489 837 461 841 446 835 445 835 444 835 443 835 434 838 408 829 407 829 406 829 314 830 313 830 313 830 313 831 303 840 283 842 229 830 228 830 227 830 227 830 227 831 216 842 203 843 166 838 166 838 165 838 150 843 110 842 92 831 91 831 90 831 90 831 73 832 74 869"/></Shape>
            <String CONTENT="Puis qu&#x27;on a ioué voſtre ieu"
                    HPOS="73"
                    VPOS="829"
                    WIDTH="448"
                    HEIGHT="57"
                    WC="0.997236640288912"></String>
          </TextLine>
          <TextLine ID="eSc_line_6532ab41"
                    TAGREFS="LT8"
                    BASELINE="72 917 552 915" 
                    HPOS="71"
                    VPOS="875"
                    WIDTH="481"
                    HEIGHT="62">
            <Shape><Polygon POINTS="72 917 72 926 96 937 97 937 98 937 133 937 133 937 134 937 135 937 147 926 170 936 171 936 172 936 173 936 174 936 186 927 198 927 206 935 206 936 207 936 208 936 264 937 265 937 265 937 266 937 283 926 297 932 298 932 299 932 322 930 330 936 331 936 332 936 332 936 379 925 446 925 474 934 475 934 476 934 477 934 500 926 511 930 512 930 512 930 552 925 552 915 551 886 529 880 528 880 527 880 527 880 516 884 510 879 510 878 509 878 508 878 508 878 507 878 492 883 464 879 463 879 441 883 432 875 431 875 430 875 399 875 398 875 398 875 397 875 397 876 389 884 361 880 360 880 334 886 312 886 289 876 288 876 246 876 245 876 244 876 243 876 243 877 235 884 208 878 207 878 206 878 205 878 205 879 197 887 159 887 149 878 148 878 147 878 147 878 146 878 145 878 135 887 111 887 91 876 90 876 90 876 89 876 71 885 72 917"/></Shape>
            <String CONTENT="Sun les chaffaux par lés menus."
                    HPOS="71"
                    VPOS="875"
                    WIDTH="481"
                    HEIGHT="62"
                    WC="0.961188692599535"></String>
          </TextLine>
          <TextLine ID="eSc_line_078a1139"
                    TAGREFS="LT8"
                    BASELINE="72 968 280 965" 
                    HPOS="71"
                    VPOS="927"
                    WIDTH="209"
                    HEIGHT="54">
            <Shape><Polygon POINTS="72 968 72 978 136 981 137 981 137 981 138 981 148 975 172 975 209 980 210 980 243 975 264 979 265 979 265 979 280 974 280 965 279 938 245 938 228 931 227 931 227 931 226 931 201 938 188 927 187 927 186 927 144 927 143 927 142 927 119 939 71 929 72 968"/></Shape>
            <String CONTENT="Preſtres &amp;c."
                    HPOS="71"
                    VPOS="927"
                    WIDTH="209"
                    HEIGHT="54"
                    WC="0.9972411394119263"></String>
          </TextLine>
          <TextLine ID="eSc_line_a447c3b2"
                    TAGREFS="LT8"
                    BASELINE="100 1016 520 1012" 
                    HPOS="99"
                    VPOS="971"
                    WIDTH="421"
                    HEIGHT="64">
            <Shape><Polygon POINTS="100 1016 100 1035 141 1034 142 1034 142 1034 151 1028 173 1034 174 1034 175 1034 175 1034 176 1034 176 1033 185 1026 205 1024 238 1024 247 1032 247 1033 248 1033 249 1033 250 1034 261 1034 261 1033 262 1033 286 1024 299 1031 300 1031 301 1031 302 1031 314 1024 332 1032 332 1032 333 1032 334 1032 351 1026 394 1032 394 1032 395 1032 396 1032 410 1024 444 1030 445 1030 446 1030 446 1030 446 1029 454 1022 473 1028 474 1028 474 1028 519 1022 520 1012 518 981 466 981 446 974 445 974 444 974 443 974 442 974 442 974 437 979 423 976 422 976 422 976 411 981 402 972 402 971 401 971 400 971 399 971 398 971 374 979 366 972 366 971 365 971 365 971 345 971 344 971 343 971 342 971 342 972 337 977 317 971 316 971 315 971 314 971 313 971 304 979 283 975 282 975 281 975 262 981 256 976 256 976 255 976 254 976 228 982 204 980 197 974 197 973 196 973 195 973 141 973 140 973 139 973 138 973 121 984 99 984 100 1016"/></Shape>
            <String CONTENT="Ainſi va par iuſte ſentence"
                    HPOS="99"
                    VPOS="971"
                    WIDTH="421"
                    HEIGHT="64"
                    WC="0.9975293124163592"></String>
          </TextLine>
          <TextLine ID="eSc_line_0c125dad"
                    TAGREFS="LT8"
                    BASELINE="72 1064 550 1062" 
                    HPOS="71"
                    VPOS="1022"
                    WIDTH="479"
                    HEIGHT="59">
            <Shape><Polygon POINTS="72 1064 72 1073 76 1076 77 1076 78 1076 79 1076 123 1075 128 1079 128 1080 128 1080 129 1080 130 1080 131 1080 151 1074 165 1080 166 1080 166 1081 200 1081 200 1080 201 1080 202 1080 202 1079 210 1072 244 1079 245 1079 276 1072 289 1078 290 1078 291 1078 315 1072 323 1079 323 1079 324 1079 325 1079 326 1079 327 1079 337 1074 363 1076 364 1076 365 1076 365 1076 365 1075 370 1071 378 1075 379 1075 379 1075 423 1071 431 1077 431 1078 432 1078 432 1078 433 1078 464 1077 465 1077 465 1077 474 1071 498 1072 509 1079 510 1079 511 1079 512 1079 550 1075 550 1062 548 1033 490 1023 489 1023 447 1032 437 1024 437 1023 436 1023 436 1023 419 1022 418 1022 417 1022 417 1022 403 1033 334 1033 326 1026 325 1026 324 1026 323 1026 308 1028 285 1022 284 1022 284 1022 283 1022 282 1022 265 1033 232 1023 231 1023 185 1022 184 1022 183 1022 170 1029 157 1025 156 1025 156 1025 155 1025 125 1034 98 1034 82 1026 81 1026 80 1026 80 1026 79 1026 79 1026 71 1032 72 1064"/></Shape>
            <String CONTENT="La Meſſe bas à tous endroictz."
                    HPOS="71"
                    VPOS="1022"
                    WIDTH="479"
                    HEIGHT="59"
                    WC="0.9716906259136815"></String>
          </TextLine>
          <TextLine ID="eSc_line_636d46b7"
                    TAGREFS="LT8"
                    BASELINE="75 1114 514 1111" 
                    HPOS="74"
                    VPOS="1072"
                    WIDTH="440"
                    HEIGHT="60">
            <Shape><Polygon POINTS="75 1114 75 1125 165 1125 195 1131 196 1132 255 1132 255 1131 256 1131 256 1131 261 1128 265 1131 266 1131 267 1131 268 1131 294 1127 307 1131 308 1131 308 1131 309 1131 310 1131 310 1130 315 1126 403 1131 403 1131 436 1124 473 1129 474 1129 513 1121 514 1111 512 1082 451 1082 443 1077 442 1077 441 1077 441 1077 440 1077 429 1081 420 1073 420 1072 419 1072 418 1072 403 1072 403 1072 379 1073 378 1073 377 1073 377 1074 367 1082 294 1073 293 1073 292 1073 261 1083 245 1074 244 1074 243 1074 242 1074 213 1083 203 1079 202 1079 201 1079 151 1083 144 1078 143 1078 142 1078 142 1078 141 1078 126 1082 115 1074 114 1074 113 1074 93 1074 92 1074 91 1074 74 1081 75 1114"/></Shape>
            <String CONTENT="Plus ne peut faire reſiſtence"
                    HPOS="74"
                    VPOS="1072"
                    WIDTH="440"
                    HEIGHT="60"
                    ></String>
          </TextLine>
          <TextLine ID="eSc_line_6a413b64"
                    TAGREFS="LT8"
                    BASELINE="75 1163 275 1159 639 1157" 
                    HPOS="73"
                    VPOS="1113"
                    WIDTH="564"
                    HEIGHT="65">
            <Shape><Polygon POINTS="74 1162 74 1178 229 1171 248 1178 250 1178 251 1178 252 1178 253 1178 267 1171 319 1171 326 1177 326 1178 328 1178 329 1178 330 1178 413 1171 469 1177 470 1177 471 1177 500 1170 531 1176 532 1176 636 1173 637 1156 635 1124 544 1113 543 1113 364 1125 245 1120 243 1120 173 1126 161 1116 159 1116 158 1116 94 1116 92 1116 91 1116 73 1124 74 1162"/></Shape>
            <String CONTENT="Ou de IESVS regnent lés droictz,"
                    HPOS="73"
                    VPOS="1113"
                    WIDTH="564"
                    HEIGHT="65"
                    ></String>
          </TextLine>
          <TextLine ID="eSc_line_bd323716"
                    TAGREFS="LT8"
                    BASELINE="75 1211 663 1208" 
                    HPOS="73"
                    VPOS="1166"
                    WIDTH="589"
                    HEIGHT="66">
            <Shape><Polygon POINTS="74 1209 74 1223 91 1232 135 1232 151 1223 277 1230 294 1223 402 1229 411 1223 487 1228 500 1222 536 1229 544 1222 630 1229 662 1220 660 1170 585 1166 566 1172 542 1166 536 1173 495 1173 486 1166 450 1172 401 1166 392 1173 314 1173 305 1167 235 1167 204 1173 182 1167 157 1173 151 1167 100 1167 73 1175 74 1209"/></Shape>
            <String CONTENT="Vous n’en leſcherez plus voz doigtz,"
                    HPOS="73"
                    VPOS="1166"
                    WIDTH="589"
                    HEIGHT="66"
                    WC="0.9785256021552615"></String>
          </TextLine>
          <TextLine ID="eSc_line_dd3847ba"
                    TAGREFS="LT8"
                    BASELINE="75 1262 568 1259" 
                    HPOS="73"
                    VPOS="1217"
                    WIDTH="494"
                    HEIGHT="77">
            <Shape><Polygon POINTS="74 1261 74 1280 195 1276 209 1284 210 1284 211 1284 213 1284 255 1280 272 1292 273 1292 274 1292 276 1294 401 1294 401 1292 402 1292 457 1276 487 1287 489 1287 490 1287 491 1287 528 1275 566 1275 567 1258 564 1225 418 1217 417 1217 378 1218 377 1218 376 1218 376 1219 369 1225 284 1218 283 1218 240 1225 232 1219 231 1219 230 1219 229 1219 227 1219 208 1225 200 1219 199 1219 198 1219 139 1219 138 1219 137 1219 120 1228 73 1228 74 1261"/></Shape>
            <String CONTENT="Ne gens par vous circonuenus,"
                    HPOS="73"
                    VPOS="1217"
                    WIDTH="494"
                    HEIGHT="77"
                    ></String>
          </TextLine>
          <TextLine ID="eSc_line_e93ed982"
                    TAGREFS="LT8"
                    BASELINE="77 1312 289 1309" 
                    HPOS="76"
                    VPOS="1271"
                    WIDTH="213"
                    HEIGHT="68">
            <Shape><Polygon POINTS="77 1312 77 1331 94 1331 106 1339 107 1339 108 1339 109 1339 166 1339 166 1339 183 1332 188 1336 189 1336 189 1336 190 1336 213 1331 221 1335 222 1335 223 1335 223 1335 237 1329 288 1332 289 1309 287 1280 237 1274 237 1274 236 1274 215 1280 205 1273 204 1273 204 1273 203 1273 202 1273 177 1281 166 1271 165 1271 164 1271 163 1271 120 1281 108 1272 107 1272 106 1272 105 1272 76 1276 77 1312"/></Shape>
            <String CONTENT="Preſtres &amp;c."
                    HPOS="76"
                    VPOS="1271"
                    WIDTH="213"
                    HEIGHT="68"
                    WC="0.9989874015251795"></String>
          </TextLine>
        </TextBlock>
        <TextBlock HPOS="439"
                   VPOS="1315"
                   WIDTH="375"
                   HEIGHT="57"
                   ID="eSc_textblock_e756135d"
                   TAGREFS="BT17">
          <Shape><Polygon POINTS="439 1315 439 1372 814 1372 814 1315"/></Shape>
          <TextLine ID="eSc_line_1d623b85"
                    TAGREFS="LT8"
                    BASELINE="455 1357 801 1354" 
                    HPOS="453"
                    VPOS="1316"
                    WIDTH="347"
                    HEIGHT="61">
            <Shape><Polygon POINTS="454 1355 454 1362 487 1374 489 1374 490 1374 491 1374 523 1363 547 1373 548 1373 549 1373 551 1373 585 1362 658 1362 709 1377 710 1377 712 1377 800 1375 800 1353 796 1317 746 1325 729 1316 728 1316 727 1316 725 1316 724 1316 696 1333 629 1333 580 1326 579 1326 557 1329 544 1320 543 1320 542 1320 541 1320 540 1320 515 1328 505 1320 505 1318 504 1318 502 1318 453 1318 454 1355"/></Shape>
            <String CONTENT="b 3 Autre"
                    HPOS="453"
                    VPOS="1316"
                    WIDTH="347"
                    HEIGHT="61"
                    WC="0.9672047032250298"></String>
          </TextLine>
        </TextBlock>
      </PrintSpace>
    </Page>
  </Layout>
</alto>
