942 1477
105 435 83 139 H

95 35 227 52 Prenez en gré

93 70 778 69 De chanter ie fuis las, ij foys

99 125 664 64 Cercheons en Chriſt confort ioye & ſoulas,

96 171 773 69 Il eſt tout ſeul ij foys

105 226 334 65 Verité, vie & voye.

273 320 370 62 Sur le chant de, Helas

261 374 390 65 amy ie congnoy bien,

195 467 477 67 Elas mon Dieu ie congnoy bien,

195 516 458 69 Que ne puis nier mon offence,

102 566 487 67 Mais tu congnoys aſſes combien

99 614 510 69 Ie ſuis mauluais des ma naiſſance,

100 662 391 71 O Eternel par ta clemence

100 718 380 58 Pardonne mon iniquité,

99 763 482 59 Me donnant en viue eſperance

97 808 452 92 La ſoy qu'œuure par charité.

100 910 467 64 La foy qu’œuure par charité.

100 957 408 68 Entierement nous iuſtifie.

100 1012 413 59 Le ſang de Chriſt en verité

99 1054 478 68 De toux pechez nous mundifie.

102 1107 370 65 O Eternel, ie te ſupplie

97 1157 518 63 De nous donner ton ſainct Eſprit,

94 1206 389 65 Afin que en nouuelle vie

104 1257 510 68 Viuons auecques IESVS Chriſt.

765 1304 99 75 Autre
