946 1484
96 42 475 54 Ne veuillez donc plus adorer.

95 91 463 55 Ce Dieu que voyez deuorer.

139 140 350 53 Paoures aueugles &c.

92 183 477 63 Laiſſez moy l'idole de Romme,

94 235 529 62 Ceſt antechriſt qui tout conſomme,

93 285 465 57 Renoncez à tous ces larrons,

93 338 463 54 Auec leurs bulles & pardons.

124 385 349 53 Paoures aueugles &c.

89 429 588 59 Laiſſez moy ces malheureux preſtres,

96 479 587 64 Plus que iudas meſchantz & traiſtres,

95 526 472 60 Qui IESVS vne foys vendit

89 577 443 59 Et rendant l’argent ſe pendit.

126 633 349 51 Paoures aueugles &c.

89 674 469 63 Laiſſez moy leur puante meſſe,

89 725 468 60 Qui la chreſtiente ſi fort bleſſe,

83 776 498 57 Soyez contentz d’vn redempteur,

85 824 593 60 Car pour vray tout homme eſt menteur.

117 873 324 55 Paures aueugles &c.

80 921 494 57 Laiſſez moy tous ces chatemittes,

82 970 529 57 Moines, bigotz, nonnains, hermites,

84 1018 447 57 Et tout autre ordre deſguiſé:

82 1067 476 60 Car IESVS n’eſt point diuiſé.

127 1122 359 51 Paoures aueugles &c.

84 1168 471 56 Laiſſez moy ces affamées beſtes

83 1212 524 63 Qui tout rauiſſent par leurs queſtes:

86 1266 510 69 L’ame, parleurs faulx pardonner.

764 1319 69 87 Les
