950 1486
156 575 66 104 S

151 39 347 58 Freres de l’Antechriſt,

150 89 391 55 Ceſte chanſon vous donne

147 137 361 60 Pleine du ſainct eſcript.

148 187 387 56 Ie prie à IESVS Chriſt

148 237 465 56 D’ont tout bien fault attendre,

152 286 358 59 Vous donner ſon eſprit

150 335 435 62 Pour vous la faire entendre.

256 423 538 64 Autre chanſon, Sur le chant de

337 477 337 62 Chriſté qui lux &c.

229 567 432 71 Educteur mauuais Antechriſt

230 621 565 67 Congnois le Seigneur IESVS Chriſt

147 676 496 59 Sans luy pourchaſſer deſhonneur

146 726 458 56 Et tu feras ton grand honneur.

193 777 438 55 Tu as abuſe trop long temps,

143 826 450 54 Pluſieurs en ſont mal contens,

143 870 391 62 N'empeſche plus la verité

142 922 332 58 Ou tu ſeras deſherité.

189 972 438 55 Compar' icy à noz appeaux,

141 1017 495 60 Tu as vendu trop de chappeaux,

138 1067 482 57 Ou pour le moins quitte ton lieu

137 1115 563 62 Congnoiſſant qu’il eſt vng ſeul Dieu,

136 1165 443 60 Scais tu pas bien queſi ie croy

135 1215 409 60 I'ay telle puiſſance que toy?

136 1262 460 79 Mais ie ne ſcay ſi tu crois bien,

850 1317 43 55 Se
