966 1488
104 673 95 144 L

86 52 496 56 Se tu crois, tu n’en monſtre rien.

133 103 458 53 Venez cardinaux rendes vous,

90 151 504 53 Venez vous-en par deuers nous,

89 195 454 63 Recongnoiſſans ſans qua ne ſi

98 244 533 61 Qu'il ne vous faut plus viure ainſi.

131 296 434 57 Vien ca vien gentil ſotemus,

93 345 407 55 Es-tu quitte d’vn Oremus,

95 394 426 53 Ou d’vn vobiſcum dominé?

99 441 367 59 Tu en auras le dos miné.

136 534 676 62 Chanſon ſur le chant, Pourtant ſi ie

138 589 657 61 ſuis brunette amy n'en prenez eſmoy.

204 677 392 70 E pape eſt vne orde beſte,

209 730 482 67 Et vng monſtre eſtrange à voir,

204 781 445 64 Puis qu’il a aux piedz la teſte

103 835 461 54 Comme on peult apperceuoir:

103 881 398 56 Car ſi quelcun le va voir,

103 929 505 62 Les piedz il fault qu’on luy bayſe.

103 979 354 60 Et le pape ne s’appayſe

104 1028 339 57 Sinon qu'il ſoit adoré,

109 1077 440 58 Quant à moy ie ſuis bien ayſe

114 1129 375 54 Quil ne m’a pas deuoré.

109 1174 460 59 C’eſt le grand pape de Romme

109 1225 400 59 Duquel ſi fort ie me deux,

125 1273 514 70 Qui dit qu’il n’eſt Dieu ne homme,

514 1316 368 62 c 2 Mais
