966 1485
142 34 560 57 Les hommes font en leurs œuures fier,

148 84 434 58 Qui eſt autant en reſolution,

145 134 582 54 Comme IESVS ſon redempteur nier:

147 180 574 61 Qui ſans beſoing euſt ſouffert paßion,

146 231 478 59 S’ilz eußent peu, la ſatiſfaction

145 282 584 57 Faire pour nous, qui ſommes terre vile,

150 327 579 59 Ne ſentant rien du fruict de l’Euangile.

185 377 601 57 Vault-il pas mieulx ſuyuir le texte ſainct,

151 425 563 59 Le vray miroir de tous les Chreſtiens,

156 473 617 60 Que de croire à cela qui nous ont painct

152 522 629 57 Pour mieulx tenir chaſcun entre leurs liens?

154 573 615 57 Le Seigneur Dieu eſt bien aßez puißant,

154 627 570 51 Pour nous donner entendement facile,

157 670 524 64 Si nous auons amour de l’Euangile.

226 734 576 65 Autre chanſon, Sur le chant, Mon

237 790 572 58 poeure coeur eſt en priſon. Dieu

236 839 525 61 gard de mal qui luy a mis &c.

271 910 531 61 on Dieu ſauue moy en en ton Nom

278 966 374 53 Et me iuge par ta vertu,

161 1008 404 62 Exaulſe außi mon oraiſon,

168 1057 485 60 Quand ie le croy, auſſi faictz-tu:

162 1108 439 56 Ie ne crains Sathan vng feſtu:

164 1159 496 54 La mort, enfer, ne ſes tormentz,

169 1204 433 59 Ne L’antechriſt fol & teſtu,

169 1255 419 67 Car tu es vray en iugemens:

163 905 113 108 M

797 1303 94 69 Sauué
