<?xml version="1.0" encoding="UTF-8"?>
<alto xmlns:xsi="http://www.w3.org/2001/XMLSchema-instance"
      xmlns="http://www.loc.gov/standards/alto/ns-v4#"
      xsi:schemaLocation="http://www.loc.gov/standards/alto/ns-v4# http://www.loc.gov/standards/alto/v4/alto-4-2.xsd">
  <Description>
    <MeasurementUnit>pixel</MeasurementUnit>
    <sourceImageInformation>
      <fileName>42_01674_default.jpg</fileName>
      <fileIdentifier>https://iiif.onb.ac.at/images/ABO/Z182216605/00000043/full/full/0/default.jpg</fileIdentifier>
    </sourceImageInformation>
  </Description>
  <Tags>
    <OtherTag ID="BT10" LABEL="DropCapitalZone" DESCRIPTION="block type DropCapitalZone"/><OtherTag ID="BT11" LABEL="GraphicZone" DESCRIPTION="block type GraphicZone"/><OtherTag ID="BT12" LABEL="MainZone" DESCRIPTION="block type MainZone"/><OtherTag ID="BT13" LABEL="MarginTextZone" DESCRIPTION="block type MarginTextZone"/><OtherTag ID="BT15" LABEL="NumberingZone" DESCRIPTION="block type NumberingZone"/><OtherTag ID="BT17" LABEL="QuireMarksZone" DESCRIPTION="block type QuireMarksZone"/><OtherTag ID="BT18" LABEL="RunningTitleZone" DESCRIPTION="block type RunningTitleZone"/><OtherTag ID="BT20" LABEL="StampZone" DESCRIPTION="block type StampZone"/><OtherTag ID="BT21" LABEL="TableZone" DESCRIPTION="block type TableZone"/><OtherTag ID="BT22" LABEL="TitlePageZone" DESCRIPTION="block type TitlePageZone"/><OtherTag ID="BT3041" LABEL="MarginTextZone:handwrittenAddition" DESCRIPTION="block type MarginTextZone:handwrittenAddition"/>
    <OtherTag ID="LT8" LABEL="DefaultLine" DESCRIPTION="line type DefaultLine"/><OtherTag ID="LT9" LABEL="DropCapitalLine" DESCRIPTION="line type DropCapitalLine"/><OtherTag ID="LT10" LABEL="HeadingLine" DESCRIPTION="line type HeadingLine"/>
  </Tags>
  <Layout>
    <Page WIDTH="960"
          HEIGHT="1488"
          PHYSICAL_IMG_NR="42"
          ID="eSc_dummypage_">
      <PrintSpace HPOS="0"
                  VPOS="0"
                  WIDTH="960"
                  HEIGHT="1488">
        <TextBlock HPOS="72"
                   VPOS="15"
                   WIDTH="652"
                   HEIGHT="1297"
                   ID="eSc_textblock_fb6de961"
                   TAGREFS="BT12">
          <Shape><Polygon POINTS="72 30 89 855 92 1312 544 1290 565 1008 719 1003 724 775 565 773 615 680 586 479 579 464 557 415 551 134 631 125 635 67 582 15"/></Shape>
          <TextLine ID="eSc_line_62364171"
                    TAGREFS="LT8"
                    BASELINE="132 69 569 58" 
                    HPOS="130"
                    VPOS="23"
                    WIDTH="439"
                    HEIGHT="62">
            <Shape><Polygon POINTS="560 28 552 25 544 25 539 25 533 28 511 25 511 25 502 25 494 25 485 28 477 24 469 24 461 24 453 24 428 31 405 24 403 24 395 24 386 23 378 23 373 23 372 23 353 32 340 26 339 26 339 26 338 26 311 33 299 29 298 29 297 29 272 34 263 27 262 27 262 27 261 27 220 28 219 28 219 28 219 28 210 37 197 37 133 33 130 36 132 69 132 78 152 85 152 85 153 85 202 76 244 82 245 82 246 82 247 82 247 81 253 75 266 75 286 81 286 81 287 81 288 81 289 81 295 76 332 81 333 81 367 72 376 79 377 79 377 79 378 79 379 79 380 79 380 78 384 75 411 78 412 78 413 78 414 78 414 77 420 72 452 77 453 77 453 77 473 70 500 76 501 76 501 76 502 76 517 69 550 69 554 72 554 73 555 73 556 73 557 73 558 73 569 66 569 58 568 31 560 28"/></Shape>
            <String CONTENT="Sauué ſeray par ton ſermon,"
                    HPOS="130"
                    VPOS="23"
                    WIDTH="439"
                    HEIGHT="62"
                    WC="0.9793054738215038"></String>
          </TextLine>
          <TextLine ID="eSc_line_201d07c1"
                    TAGREFS="LT8"
                    BASELINE="82 119 498 107 625 107" 
                    HPOS="81"
                    VPOS="67"
                    WIDTH="544"
                    HEIGHT="72">
            <Shape><Polygon POINTS="618 74 617 73 567 67 566 67 565 67 534 76 510 73 509 73 508 73 496 77 476 70 475 70 474 70 414 80 396 76 396 76 395 76 394 76 381 80 362 73 362 73 361 73 360 73 359 73 348 81 335 77 334 77 334 77 291 83 264 76 263 76 262 76 201 86 147 86 135 80 134 80 133 80 133 80 101 85 90 81 90 81 89 81 81 86 82 119 84 139 94 131 113 129 172 135 173 135 174 135 190 128 204 131 205 131 205 131 257 126 277 133 278 133 279 133 280 133 300 125 322 133 323 133 324 133 345 132 346 132 347 132 347 131 357 123 429 129 430 129 431 129 432 129 447 120 459 120 474 128 475 128 476 128 477 128 544 126 545 126 546 126 558 118 625 124 625 107 624 76 618 74"/></Shape>
            <String CONTENT="Plus trenchant qu’vn glaiue pointu."
                    HPOS="81"
                    VPOS="67"
                    WIDTH="544"
                    HEIGHT="72"
                    ></String>
          </TextLine>
          <TextLine ID="eSc_line_cace519e"
                    TAGREFS="LT8"
                    BASELINE="88 168 406 158 519 158" 
                    HPOS="86"
                    VPOS="119"
                    WIDTH="433"
                    HEIGHT="67">
            <Shape><Polygon POINTS="88 168 88 178 101 185 102 185 103 185 104 185 115 180 146 186 147 186 237 174 276 179 277 179 320 172 327 178 327 179 328 179 329 179 355 180 356 180 357 180 358 180 368 171 384 179 385 179 386 179 386 179 416 169 444 177 444 177 445 177 446 177 465 168 480 173 481 173 482 173 482 173 491 168 498 174 498 175 499 175 500 175 501 176 519 176 519 158 517 128 488 128 468 119 468 119 450 119 449 119 448 119 448 119 436 128 415 119 415 119 414 119 396 122 395 122 394 122 384 131 368 123 367 123 367 123 366 123 365 123 353 132 295 133 270 124 269 124 268 124 267 124 255 128 227 125 226 125 225 125 224 125 224 126 220 129 214 125 214 125 213 125 212 125 175 126 157 127 156 127 155 127 140 138 124 130 123 130 122 130 121 130 86 139 88 168"/></Shape>
            <String CONTENT="Qui faict du corps diuiſion,"
                    HPOS="86"
                    VPOS="119"
                    WIDTH="433"
                    HEIGHT="67"
                    ></String>
          </TextLine>
          <TextLine ID="eSc_line_00bc46d9"
                    TAGREFS="LT8"
                    BASELINE="86 216 504 205" 
                    HPOS="85"
                    VPOS="166"
                    WIDTH="419"
                    HEIGHT="67">
            <Shape><Polygon POINTS="86 216 87 228 95 225 105 233 106 233 107 233 108 233 109 233 109 233 109 232 114 228 125 232 126 232 127 232 128 232 128 232 136 225 185 223 200 232 200 232 201 232 202 232 245 231 246 231 247 231 263 220 279 220 293 229 294 229 295 229 296 230 310 230 310 229 311 229 312 229 324 219 343 219 360 228 361 228 362 228 362 228 363 228 363 227 368 223 390 227 391 227 391 227 392 227 409 217 430 217 442 225 443 225 444 225 444 225 445 225 462 217 495 224 496 224 496 224 497 224 497 224 504 217 504 205 501 172 494 176 470 166 469 166 468 166 468 166 436 178 396 178 373 169 372 169 372 169 371 169 370 169 355 179 296 176 296 176 255 181 243 173 243 173 242 173 222 173 221 173 220 173 205 178 189 176 188 176 187 176 186 176 177 184 165 175 164 175 163 175 162 175 162 175 142 185 100 177 99 177 98 177 85 181 86 216"/></Shape>
            <String CONTENT="Et de l’eſprit par foy veſtu:"
                    HPOS="85"
                    VPOS="166"
                    WIDTH="419"
                    HEIGHT="67"
                    WC="0.9596202147418055"></String>
          </TextLine>
          <TextLine ID="eSc_line_cf2b7248"
                    TAGREFS="LT8"
                    BASELINE="88 266 541 253" 
                    HPOS="86"
                    VPOS="214"
                    WIDTH="455"
                    HEIGHT="67">
            <Shape><Polygon POINTS="88 266 88 274 104 281 105 281 105 281 158 273 174 278 175 278 176 278 176 278 186 275 197 280 198 280 199 280 200 280 209 276 238 279 238 279 267 274 287 277 288 277 289 277 290 277 300 269 315 276 316 276 317 276 358 276 358 276 358 276 359 276 359 275 367 268 378 271 379 271 380 271 420 266 448 273 449 273 450 273 451 273 480 264 491 271 491 271 492 271 493 272 511 272 511 271 511 271 512 271 526 263 541 263 541 253 539 223 511 214 511 214 510 214 484 219 458 216 457 216 456 216 455 216 447 223 440 217 439 217 439 217 438 217 415 218 415 218 414 218 409 223 396 218 395 218 394 218 393 218 392 218 392 219 385 225 365 219 364 219 363 219 362 219 362 219 362 219 361 219 354 228 323 224 322 224 321 224 302 228 286 221 286 221 285 221 284 221 283 221 267 231 186 232 167 226 167 226 166 226 165 226 164 226 164 227 158 233 135 233 111 226 110 226 109 226 109 226 86 234 88 266"/></Shape>
            <String CONTENT="Par mes pechez ſuis deſueſtu"
                    HPOS="86"
                    VPOS="214"
                    WIDTH="455"
                    HEIGHT="67"
                    WC="0.9873891387666974"></String>
          </TextLine>
          <TextLine ID="eSc_line_edd4e6b4"
                    TAGREFS="LT8"
                    BASELINE="85 314 537 305" 
                    HPOS="84"
                    VPOS="269"
                    WIDTH="453"
                    HEIGHT="60">
            <Shape><Polygon POINTS="85 314 85 329 117 329 117 328 118 328 119 328 124 324 139 327 140 327 167 320 223 320 248 325 248 325 291 319 329 324 330 324 331 324 332 324 341 318 383 321 384 321 385 321 386 321 392 317 411 322 412 322 413 322 414 322 415 322 424 316 535 316 537 305 535 275 498 271 497 271 496 271 496 271 490 276 458 271 457 271 456 271 449 275 437 269 436 269 410 269 410 269 357 271 356 271 342 278 296 271 296 271 295 271 294 271 294 272 285 281 241 281 224 273 224 273 223 273 222 273 210 279 200 275 199 275 198 275 197 275 196 275 196 276 190 282 143 282 106 276 105 276 105 276 84 282 85 314"/></Shape>
            <String CONTENT="De tous mes bon habillemens,"
                    HPOS="84"
                    VPOS="269"
                    WIDTH="453"
                    HEIGHT="60"
                    WC="0.9895974440234048"></String>
          </TextLine>
          <TextLine ID="eSc_line_fd46aaa4"
                    TAGREFS="LT8"
                    BASELINE="86 363 481 355" 
                    HPOS="85"
                    VPOS="317"
                    WIDTH="396"
                    HEIGHT="62">
            <Shape><Polygon POINTS="86 363 86 372 111 372 120 379 121 379 122 379 123 379 124 379 124 379 137 372 159 372 178 379 179 379 180 379 181 379 181 379 188 373 202 379 203 379 204 379 232 374 251 377 252 377 253 377 271 369 312 376 313 376 314 376 330 368 346 375 347 375 348 375 348 375 377 367 407 367 413 373 413 374 414 374 415 374 415 375 435 375 435 374 436 374 437 374 448 365 480 367 481 355 479 327 440 317 439 317 409 319 408 319 407 319 391 329 351 329 327 319 326 319 325 319 300 320 299 320 298 320 280 332 270 332 261 324 260 324 259 324 258 324 257 324 232 331 210 327 209 327 208 327 194 333 171 329 170 329 129 333 105 324 105 324 104 324 103 324 85 329 86 363"/></Shape>
            <String CONTENT="Par ta grace ſuis reueſtu,"
                    HPOS="85"
                    VPOS="317"
                    WIDTH="396"
                    HEIGHT="62"
                    WC="0.977533947962981"></String>
          </TextLine>
          <TextLine ID="eSc_line_d632624f"
                    TAGREFS="LT8"
                    BASELINE="90 413 515 401" 
                    HPOS="89"
                    VPOS="366"
                    WIDTH="426"
                    HEIGHT="62">
            <Shape><Polygon POINTS="90 413 90 420 119 428 120 428 121 428 140 421 181 426 181 426 182 426 208 417 242 416 274 416 289 423 290 423 291 423 330 422 331 422 332 422 344 414 356 421 357 421 358 421 358 421 412 419 413 419 414 419 414 419 420 413 442 417 443 417 444 417 444 417 454 410 514 415 515 401 513 373 484 366 483 366 482 366 482 366 481 366 468 375 421 376 389 371 388 371 387 371 386 371 379 377 331 378 249 372 248 372 248 372 247 372 247 373 239 381 210 381 193 374 192 374 191 374 162 381 154 375 153 375 152 375 152 375 151 375 136 381 122 376 121 376 120 376 89 376 90 413"/></Shape>
            <String CONTENT="Car tu es vray en iugemens."
                    HPOS="89"
                    VPOS="366"
                    WIDTH="426"
                    HEIGHT="62"
                    WC="0.9955878897949502"></String>
          </TextLine>
          <TextLine ID="eSc_line_062b4152"
                    TAGREFS="LT8"
                    BASELINE="138 458 542 449" 
                    HPOS="136"
                    VPOS="410"
                    WIDTH="406"
                    HEIGHT="66">
            <Shape><Polygon POINTS="138 458 138 467 156 476 157 476 157 476 158 476 159 476 170 469 182 475 183 475 184 476 197 476 197 475 198 475 199 475 199 474 200 474 203 470 209 475 210 475 210 475 211 475 212 475 235 469 243 472 243 472 244 472 245 472 262 465 290 465 303 472 304 472 305 472 305 472 319 467 349 472 350 472 351 472 352 472 352 471 362 462 386 467 387 467 388 467 400 462 414 470 415 470 415 470 416 471 431 471 431 470 465 468 466 468 467 468 477 460 507 466 508 466 541 458 542 449 539 410 439 411 439 411 438 411 429 419 421 414 421 413 420 413 420 413 419 413 418 413 393 419 358 414 358 414 357 414 340 424 320 424 226 425 218 419 217 419 216 419 215 419 214 419 197 424 191 419 191 419 190 419 189 419 188 419 187 419 176 426 163 419 162 419 162 419 161 419 160 419 151 428 136 428 138 458"/></Shape>
            <String CONTENT="Caphars remplis de fiction"
                    HPOS="136"
                    VPOS="410"
                    WIDTH="406"
                    HEIGHT="66"
                    WC="0.9785853005372561"></String>
          </TextLine>
          <TextLine ID="eSc_line_14140e83"
                    TAGREFS="LT8"
                    BASELINE="90 508 573 499" 
                    HPOS="90"
                    VPOS="461"
                    WIDTH="483"
                    HEIGHT="63">
            <Shape><Polygon POINTS="90 508 90 516 120 517 133 524 133 524 134 524 159 523 160 523 161 523 161 522 167 517 176 523 176 523 177 523 178 523 191 522 192 522 193 522 203 515 227 521 228 521 229 522 266 522 266 521 267 521 280 515 300 518 300 518 301 518 316 512 328 519 329 519 329 519 330 519 396 510 412 517 413 517 414 517 451 510 483 517 484 517 485 517 486 517 499 509 571 515 573 499 571 468 538 467 533 462 533 461 532 461 531 461 530 461 530 461 529 461 520 467 512 462 511 462 511 462 482 462 482 462 481 462 480 462 467 471 438 471 416 463 415 463 415 463 378 464 377 464 377 464 367 472 330 465 329 465 329 465 328 465 328 466 320 473 305 474 282 474 277 468 277 467 276 467 275 467 274 467 273 467 248 474 228 467 227 467 226 467 189 472 176 467 176 467 175 467 174 467 173 467 173 468 167 475 156 475 133 468 132 468 131 468 103 470 102 470 90 476 90 508"/></Shape>
            <String CONTENT="Ont l’honneur de Dieu abbatu,"
                    HPOS="90"
                    VPOS="461"
                    WIDTH="483"
                    HEIGHT="63"
                    WC="0.9634954456625313"></String>
          </TextLine>
          <TextLine ID="eSc_line_cb56b4a9"
                    TAGREFS="LT8"
                    BASELINE="90 558 520 548" 
                    HPOS="89"
                    VPOS="511"
                    WIDTH="431"
                    HEIGHT="63">
            <Shape><Polygon POINTS="90 558 90 567 133 574 134 574 161 572 162 572 162 572 162 572 169 566 195 573 196 573 197 573 198 573 227 564 275 571 276 571 277 571 277 571 288 562 315 567 315 567 316 567 317 567 325 562 350 565 351 565 352 565 364 561 372 565 373 565 374 565 375 565 376 565 380 561 400 568 401 568 401 568 402 568 403 568 411 561 419 567 419 567 420 567 420 567 421 568 447 568 447 567 448 567 448 567 457 560 465 563 466 563 467 563 468 563 484 558 517 566 520 548 518 518 443 511 442 511 441 511 432 515 418 512 417 512 416 512 415 512 415 512 401 520 337 517 336 517 335 517 315 522 306 516 305 516 305 516 304 516 303 516 285 520 264 515 263 515 262 515 262 515 261 515 248 524 244 519 243 519 243 519 242 519 241 519 224 524 199 521 198 521 155 526 119 519 119 519 118 519 89 527 90 558"/></Shape>
            <String CONTENT="Nous promettant remiſſion,"
                    HPOS="89"
                    VPOS="511"
                    WIDTH="431"
                    HEIGHT="63"
                    WC="0.9925080652420337"></String>
          </TextLine>
          <TextLine ID="eSc_line_eec60fcb"
                    TAGREFS="LT8"
                    BASELINE="89 607 546 596" 
                    HPOS="88"
                    VPOS="562"
                    WIDTH="458"
                    HEIGHT="60">
            <Shape><Polygon POINTS="89 607 89 615 107 622 108 622 109 622 109 622 126 618 180 620 181 620 181 620 182 620 192 613 231 619 232 619 233 619 253 611 315 617 316 617 317 617 335 610 376 614 377 614 377 614 396 608 444 614 444 614 445 614 446 614 446 613 447 613 451 608 466 612 467 612 468 612 468 612 484 605 511 612 511 612 512 612 534 611 535 611 536 611 546 604 546 596 544 567 531 563 530 563 530 563 529 563 515 567 502 562 501 562 501 562 500 562 499 562 491 567 477 562 476 562 475 562 448 562 447 562 434 570 426 565 425 565 425 565 424 565 423 565 409 571 379 567 378 567 342 572 329 566 329 566 328 566 327 566 317 570 293 567 292 567 291 567 291 567 291 568 285 573 257 569 257 569 256 569 245 575 235 568 234 568 234 568 233 568 232 568 231 568 221 575 183 571 182 571 181 571 171 576 151 570 150 570 149 570 148 570 133 577 105 572 105 572 104 572 88 577 89 607"/></Shape>
            <String CONTENT="Mais tout compté &amp; rabbatu:"
                    HPOS="88"
                    VPOS="562"
                    WIDTH="458"
                    HEIGHT="60"
                    WC="0.98797906935215"></String>
          </TextLine>
          <TextLine ID="eSc_line_37dd8e69"
                    TAGREFS="LT8"
                    BASELINE="92 656 558 643" 
                    HPOS="90"
                    VPOS="606"
                    WIDTH="468"
                    HEIGHT="66">
            <Shape><Polygon POINTS="92 656 92 665 140 672 141 672 142 672 143 672 154 664 172 669 173 669 174 669 175 669 186 664 210 671 211 671 212 671 243 670 243 670 244 670 244 669 253 662 273 669 274 669 275 669 301 668 302 668 320 660 337 667 338 667 339 667 339 667 360 662 401 666 401 666 402 666 403 666 415 658 425 663 426 663 427 663 428 663 442 657 462 661 463 661 463 661 464 661 472 656 493 663 494 663 495 663 558 653 558 643 556 614 495 606 494 606 493 606 492 606 482 616 461 616 405 609 404 609 403 609 402 609 388 619 369 620 344 620 324 611 324 611 323 611 322 611 321 611 307 620 284 615 283 615 282 615 281 615 268 620 261 614 261 613 260 613 259 613 258 613 243 614 242 614 241 614 231 623 217 623 208 615 207 615 206 615 205 615 167 623 154 617 153 617 152 617 152 617 140 621 90 620 92 656"/></Shape>
            <String CONTENT="Par Chriſt Sathan eſt combatu"
                    HPOS="90"
                    VPOS="606"
                    WIDTH="468"
                    HEIGHT="66"
                    WC="0.9832565784454346"></String>
          </TextLine>
          <TextLine ID="eSc_line_c9af27ff"
                    TAGREFS="LT8"
                    BASELINE="93 705 602 693" 
                    HPOS="91"
                    VPOS="657"
                    WIDTH="511"
                    HEIGHT="63">
            <Shape><Polygon POINTS="596 662 593 660 574 657 573 657 573 657 572 657 563 664 553 664 541 657 540 657 539 657 539 657 538 657 537 657 526 664 487 661 486 661 485 661 474 665 457 658 456 658 455 658 413 667 390 663 389 663 388 663 376 667 360 661 359 661 358 661 358 661 357 661 345 668 337 662 336 662 335 662 334 662 334 662 309 669 280 662 279 662 278 662 277 662 277 663 270 670 254 663 253 663 253 663 252 663 236 672 187 672 180 667 179 667 178 667 177 667 176 667 164 672 159 668 158 668 157 668 157 668 128 672 96 667 95 667 95 667 94 667 94 667 93 667 91 668 93 705 93 714 138 720 138 720 180 712 196 720 197 720 198 720 248 711 272 718 273 718 274 718 307 717 308 717 309 717 314 712 320 715 321 715 322 715 323 715 324 715 324 715 329 709 348 708 386 715 386 715 387 715 388 715 398 708 402 712 403 712 404 712 405 712 405 712 406 712 412 708 448 714 448 714 449 714 450 714 463 705 477 713 478 713 479 713 480 713 493 706 528 712 529 712 530 712 530 712 543 703 574 703 588 710 589 710 590 710 591 710 602 705 602 693 601 667 596 662"/></Shape>
            <String CONTENT="Et non point par leurs ſacremens,"
                    HPOS="91"
                    VPOS="657"
                    WIDTH="511"
                    HEIGHT="63"
                    WC="0.9742246161807667"></String>
          </TextLine>
          <TextLine ID="eSc_line_cd920ee4"
                    TAGREFS="LT8"
                    BASELINE="97 754 339 747 496 747" 
                    HPOS="95"
                    VPOS="708"
                    WIDTH="401"
                    HEIGHT="64">
            <Shape><Polygon POINTS="97 754 97 771 164 772 165 772 166 772 183 763 214 769 215 769 216 769 235 763 251 770 252 770 253 770 294 769 295 769 296 769 306 761 314 761 322 768 322 769 323 769 324 769 324 769 347 768 348 768 370 759 393 759 405 766 405 766 406 766 407 766 444 758 495 765 496 747 494 715 463 708 462 708 461 708 460 708 450 715 404 709 403 709 402 709 401 709 401 710 394 717 328 710 327 710 326 710 296 719 272 712 272 712 271 712 270 712 255 720 222 713 221 713 220 713 204 722 174 722 167 715 167 715 166 715 165 715 164 715 163 715 148 721 138 717 138 717 137 717 95 720 97 754"/></Shape>
            <String CONTENT="Qui ne le croit ſera battu,"
                    HPOS="95"
                    VPOS="708"
                    WIDTH="401"
                    HEIGHT="64"
                    WC="0.9648907317055596"></String>
          </TextLine>
          <TextLine ID="eSc_line_4d6323b1"
                    TAGREFS="LT10"
                    BASELINE="200 827 558 819 702 820" 
                    HPOS="199"
                    VPOS="777"
                    WIDTH="503"
                    HEIGHT="63">
            <Shape><Polygon POINTS="200 837 328 840 329 840 351 839 352 839 368 832 385 835 386 835 408 831 418 838 419 838 420 838 420 839 459 839 459 838 460 838 461 838 472 829 503 829 525 836 526 836 527 836 528 836 528 835 535 828 563 828 568 832 569 832 570 832 571 832 591 827 632 827 640 833 640 834 641 834 642 834 643 834 644 834 654 827 701 833 702 820 702 786 680 786 669 777 668 777 633 777 632 777 503 790 496 784 496 783 495 783 494 783 493 783 432 791 418 782 417 782 416 782 415 782 385 791 367 786 366 786 365 786 328 791 310 786 309 786 308 786 283 795 264 795 248 786 247 786 246 786 245 786 225 795 199 790 200 827"/></Shape>
            <String CONTENT="Dés mortuaires. Sus Dies illa."
                    HPOS="199"
                    VPOS="777"
                    WIDTH="503"
                    HEIGHT="63"
                    ></String>
          </TextLine>
          <TextLine ID="eSc_line_6715a681"
                    TAGREFS="LT8"
                    BASELINE="209 892 548 882" 
                    HPOS="205"
                    VPOS="845"
                    WIDTH="341"
                    HEIGHT="65">
            <Shape><Polygon POINTS="208 891 208 902 291 910 292 910 293 910 306 903 460 905 461 905 462 905 463 905 472 897 497 903 498 903 499 903 501 903 502 903 502 902 511 894 545 894 546 881 543 845 205 854 208 891"/></Shape>
            <String CONTENT="Y moy amy ou s&#x27;en ira"
                    HPOS="205"
                    VPOS="845"
                    WIDTH="341"
                    HEIGHT="65"
                    WC="0.9898719617298671"></String>
          </TextLine>
          <TextLine ID="eSc_line_d0f76c3f"
                    TAGREFS="LT8"
                    BASELINE="208 940 502 930 679 929" 
                    HPOS="204"
                    VPOS="889"
                    WIDTH="474"
                    HEIGHT="72">
            <Shape><Polygon POINTS="207 939 207 951 241 961 296 959 305 951 347 958 358 949 424 956 447 943 508 943 530 953 549 946 577 952 590 941 652 947 678 937 678 928 675 895 623 889 576 897 545 892 529 899 437 894 344 903 311 897 293 905 204 901 207 939"/></Shape>
            <String CONTENT="l&#x27;eſprit quand du corps partira:"
                    HPOS="204"
                    VPOS="889"
                    WIDTH="474"
                    HEIGHT="72"
                    WC="0.9821139462292194"></String>
          </TextLine>
          <TextLine ID="eSc_line_2e431faa"
                    TAGREFS="LT8"
                    BASELINE="211 989 707 976" 
                    HPOS="209"
                    VPOS="934"
                    WIDTH="497"
                    HEIGHT="75">
            <Shape><Polygon POINTS="210 988 210 1000 253 1005 279 999 306 1009 360 996 439 1005 468 995 484 1004 509 998 558 1003 621 990 637 998 706 989 706 975 703 934 651 936 641 944 607 937 586 946 492 939 465 949 445 942 417 951 352 943 342 952 209 956 210 988"/></Shape>
            <String CONTENT="En attendaut que Chriſt viendra?"
                    HPOS="209"
                    VPOS="934"
                    WIDTH="497"
                    HEIGHT="75"
                    ></String>
          </TextLine>
          <TextLine ID="eSc_line_a6914547"
                    TAGREFS="LT8"
                    BASELINE="136 1041 504 1029" 
                    HPOS="134"
                    VPOS="991"
                    WIDTH="370"
                    HEIGHT="66">
            <Shape><Polygon POINTS="136 1041 137 1055 147 1052 170 1057 171 1057 171 1057 172 1057 183 1049 210 1049 281 1054 282 1054 283 1054 284 1054 294 1045 306 1045 318 1052 319 1052 320 1052 320 1052 358 1044 405 1049 405 1049 406 1049 407 1049 417 1041 430 1041 453 1048 453 1048 454 1048 479 1047 480 1047 504 1039 504 1029 501 1000 489 1000 480 992 480 991 479 991 478 991 477 991 453 992 453 992 424 1002 326 996 325 996 324 996 324 996 312 1006 291 1006 279 997 278 997 277 997 277 997 262 998 262 998 261 998 261 999 252 1008 243 1005 242 1005 241 1005 204 1010 180 1001 179 1001 178 1001 150 1002 149 1002 148 1002 134 1010 136 1041"/></Shape>
            <String CONTENT="Si tu as foy au Roy Ieſus"
                    HPOS="134"
                    VPOS="991"
                    WIDTH="370"
                    HEIGHT="66"
                    WC="0.9913856172561646"></String>
          </TextLine>
          <TextLine ID="eSc_line_3d4eb40c"
                    TAGREFS="LT8"
                    BASELINE="102 1092 402 1080 544 1080" 
                    HPOS="100"
                    VPOS="1039"
                    WIDTH="444"
                    HEIGHT="69">
            <Shape><Polygon POINTS="102 1092 102 1101 114 1101 130 1108 131 1108 132 1108 133 1108 148 1100 169 1108 170 1108 171 1108 171 1108 172 1108 186 1098 224 1102 224 1102 225 1102 226 1102 234 1096 254 1101 255 1101 256 1101 273 1095 296 1095 305 1103 306 1103 307 1103 308 1103 346 1102 371 1099 372 1099 372 1099 383 1092 406 1094 407 1094 408 1094 420 1090 448 1095 448 1095 449 1095 463 1090 475 1097 476 1097 477 1097 477 1097 497 1096 498 1096 499 1096 499 1096 505 1090 514 1096 515 1096 515 1096 516 1096 544 1095 544 1080 542 1044 495 1039 494 1039 493 1039 492 1039 482 1049 472 1049 447 1041 446 1041 445 1041 444 1041 430 1048 398 1047 397 1047 396 1047 396 1047 396 1048 395 1048 393 1050 388 1046 387 1046 386 1046 386 1046 385 1046 370 1052 349 1044 348 1044 348 1044 298 1054 282 1047 281 1047 281 1047 280 1047 279 1047 268 1056 234 1056 223 1051 222 1051 221 1051 220 1051 219 1051 210 1057 181 1054 181 1054 151 1059 112 1053 111 1053 110 1053 109 1053 100 1059 102 1092"/></Shape>
            <String CONTENT="Croyant en luy ſans nul refus,"
                    HPOS="100"
                    VPOS="1039"
                    WIDTH="444"
                    HEIGHT="69"
                    WC="0.9840944886207581"></String>
          </TextLine>
          <TextLine ID="eSc_line_3b4cdaa8"
                    TAGREFS="LT8"
                    BASELINE="99 1142 383 1130 491 1129" 
                    HPOS="97"
                    VPOS="1088"
                    WIDTH="394"
                    HEIGHT="69">
            <Shape><Polygon POINTS="99 1142 99 1157 145 1148 186 1156 186 1156 224 1154 224 1154 225 1154 238 1146 247 1149 248 1149 248 1149 249 1149 260 1144 272 1153 273 1153 274 1153 275 1153 289 1152 290 1152 291 1152 291 1151 297 1144 315 1148 315 1148 316 1148 317 1148 317 1147 324 1141 376 1143 377 1143 400 1139 428 1147 429 1147 429 1147 430 1147 453 1137 459 1143 459 1144 460 1144 461 1144 462 1144 491 1143 491 1129 488 1100 463 1100 448 1089 448 1089 447 1089 434 1088 434 1088 433 1088 432 1088 420 1097 410 1089 410 1089 409 1089 408 1089 391 1090 391 1090 359 1104 316 1104 296 1093 295 1093 294 1093 281 1094 280 1094 279 1094 279 1095 272 1101 257 1095 256 1095 255 1095 222 1102 214 1096 214 1096 213 1096 212 1096 198 1097 197 1097 162 1112 136 1112 120 1102 119 1102 119 1102 118 1102 97 1106 99 1142"/></Shape>
            <String CONTENT="Ton eſperit ſ&#x27;en va là ſus,"
                    HPOS="97"
                    VPOS="1088"
                    WIDTH="394"
                    HEIGHT="69"
                    WC="0.9860980872597013"></String>
          </TextLine>
          <TextLine ID="eSc_line_76810518"
                    TAGREFS="LT8"
                    BASELINE="98 1192 396 1178 524 1176" 
                    HPOS="96"
                    VPOS="1139"
                    WIDTH="428"
                    HEIGHT="65">
            <Shape><Polygon POINTS="98 1192 98 1198 116 1204 117 1204 118 1204 119 1204 119 1204 119 1203 125 1198 131 1203 132 1203 133 1203 133 1203 134 1203 154 1197 167 1201 168 1201 169 1201 170 1201 171 1201 177 1197 205 1199 205 1199 206 1199 215 1195 281 1197 281 1197 282 1197 302 1190 382 1193 383 1193 384 1193 397 1186 453 1184 463 1190 463 1190 464 1190 465 1190 466 1190 484 1183 523 1187 524 1176 521 1147 493 1142 492 1142 491 1142 482 1146 464 1139 463 1139 463 1139 462 1139 461 1139 449 1149 418 1150 407 1141 406 1141 405 1141 405 1141 330 1148 320 1144 320 1144 319 1144 318 1144 297 1155 278 1152 277 1152 229 1158 206 1154 205 1154 175 1160 96 1154 98 1192"/></Shape>
            <String CONTENT="Tu n’auras point damnation."
                    HPOS="96"
                    VPOS="1139"
                    WIDTH="428"
                    HEIGHT="65"
                    WC="0.991056086840453"></String>
          </TextLine>
          <TextLine ID="eSc_line_debe7c0f"
                    TAGREFS="LT8"
                    BASELINE="98 1241 521 1223" 
                    HPOS="96"
                    VPOS="1184"
                    WIDTH="425"
                    HEIGHT="70">
            <Shape><Polygon POINTS="98 1241 98 1252 129 1249 146 1254 147 1254 148 1254 148 1254 149 1254 157 1247 212 1245 224 1252 224 1252 225 1252 226 1253 248 1253 248 1252 249 1252 271 1243 286 1250 287 1250 288 1250 307 1249 308 1249 309 1249 309 1249 316 1242 337 1248 338 1248 339 1248 339 1248 355 1244 384 1246 385 1246 386 1246 386 1246 386 1245 391 1240 396 1244 397 1244 398 1244 399 1245 425 1245 425 1244 464 1235 496 1238 496 1238 497 1238 498 1238 503 1233 520 1240 521 1223 519 1192 492 1192 484 1186 484 1185 483 1185 482 1185 461 1184 460 1184 459 1184 458 1184 458 1185 448 1195 382 1197 352 1190 351 1190 350 1190 286 1193 286 1193 285 1193 285 1194 277 1202 267 1202 257 1194 257 1193 257 1193 256 1193 255 1193 234 1194 233 1194 232 1194 222 1201 190 1196 189 1196 174 1197 173 1197 172 1197 162 1207 128 1207 116 1201 115 1201 114 1201 114 1201 96 1208 98 1241"/></Shape>
            <String CONTENT="Car Chriſt a faict purgation"
                    HPOS="96"
                    VPOS="1184"
                    WIDTH="425"
                    HEIGHT="70"
                    WC="0.9953489814485822"></String>
          </TextLine>
          <TextLine ID="eSc_line_53971a73"
                    TAGREFS="LT8"
                    BASELINE="99 1292 528 1273" 
                    HPOS="96"
                    VPOS="1235"
                    WIDTH="432"
                    HEIGHT="81">
            <Shape><Polygon POINTS="99 1292 99 1306 138 1314 138 1314 177 1311 192 1316 193 1316 194 1316 229 1313 229 1313 230 1313 230 1312 243 1300 275 1298 315 1298 339 1310 340 1310 341 1310 342 1310 377 1299 386 1306 387 1306 388 1306 389 1306 390 1306 398 1302 405 1307 405 1307 406 1307 407 1307 431 1306 468 1305 468 1305 501 1290 510 1295 511 1295 511 1295 512 1295 513 1295 528 1288 528 1273 525 1243 498 1244 487 1235 487 1235 486 1235 465 1235 464 1235 463 1235 440 1247 424 1247 414 1241 413 1241 412 1241 411 1241 410 1241 410 1241 410 1242 403 1249 377 1249 348 1240 348 1240 347 1240 346 1240 320 1252 291 1252 271 1244 270 1244 269 1244 268 1244 248 1254 231 1246 230 1246 229 1246 187 1250 186 1250 186 1250 186 1251 179 1258 132 1259 96 1252 99 1292"/></Shape>
            <String CONTENT="De noz pechez, par paßion."
                    HPOS="96"
                    VPOS="1235"
                    WIDTH="432"
                    HEIGHT="81"
                    ></String>
          </TextLine>
        </TextBlock>
        <TextBlock HPOS="92"
                   VPOS="859"
                   WIDTH="122"
                   HEIGHT="119"
                   ID="eSc_textblock_b0f41e9a"
                   TAGREFS="BT10">
          <Shape><Polygon POINTS="97 859 92 978 190 977 214 968 201 950 213 915 204 883 186 861"/></Shape>
          <TextLine ID="eSc_line_b25ee8fa"
                    TAGREFS="LT9"
                    BASELINE="96 968 206 964" 
                    HPOS="90"
                    VPOS="844"
                    WIDTH="115"
                    HEIGHT="135">
            <Shape><Polygon POINTS="95 973 122 979 124 979 125 979 126 979 133 973 166 978 167 978 205 970 205 963 200 853 90 844 95 967"/></Shape>
            <String CONTENT="D"
                    HPOS="90"
                    VPOS="844"
                    WIDTH="115"
                    HEIGHT="135"
                    WC="0.9981294274330139"></String>
          </TextLine>
        </TextBlock>
        <TextBlock HPOS="493"
                   VPOS="1276"
                   WIDTH="365"
                   HEIGHT="68"
                   ID="eSc_textblock_feed3e2a"
                   TAGREFS="BT17">
          <Shape><Polygon POINTS="493 1294 496 1344 858 1333 858 1276"/></Shape>
          <TextLine ID="eSc_line_429f66ff"
                    TAGREFS="LT8"
                    BASELINE="505 1328 841 1318" 
                    HPOS="502"
                    VPOS="1266"
                    WIDTH="338"
                    HEIGHT="73">
            <Shape><Polygon POINTS="504 1326 504 1334 545 1329 596 1339 597 1339 599 1339 626 1328 663 1337 664 1337 666 1337 667 1337 715 1324 781 1334 782 1334 840 1329 840 1316 838 1267 745 1266 744 1266 742 1266 741 1266 709 1293 656 1289 654 1289 608 1295 585 1279 584 1279 582 1279 581 1279 580 1279 579 1279 560 1290 545 1283 544 1283 543 1283 502 1290 504 1326"/></Shape>
            <String CONTENT="c 4 Mort"
                    HPOS="502"
                    VPOS="1266"
                    WIDTH="338"
                    HEIGHT="73"
                    ></String>
          </TextLine>
        </TextBlock>
      </PrintSpace>
    </Page>
  </Layout>
</alto>
