972 1489
115 47 385 58 Et benoiſtiers entretenus.

173 96 430 61 Qui fait viure preſtres auſſi,

118 147 507 60 Comme corbeaux au corps tranſy,

114 195 407 59 Purgatoyre vous fait cecy.

157 244 463 62 Preſtre n'eſt point tant indigné,

120 293 424 61 Qu'il ne chantaſt enbeguiné,

115 340 342 55 Le libera me Domine.

156 387 409 63 Il n'y faut point d’Alleluya,

116 436 496 67 C’eſt bien aſſez qu’offrande y a,

112 488 462 59 De pain & vin ſ’argent n'y a.

163 536 414 60 Conforter faut lés bons amis

109 585 513 63 Dés treſpaſſez, aux grandz conuis:

111 632 530 67 Ou ſont mangez lés mortz & vifz.

161 684 528 64 Au roſt des mortz ilz ſont nourris.

113 729 436 62 Puis aprés ilz en font leur ris:

114 780 489 62 Quand ont mengé lés os pourris.

158 830 478 60 La Foy en Chriſt vous ſauuera,

110 879 460 59 Mais qui ne croyt damné ſera.

154 928 426 58 Iugez ou ſont mis voz abus?

111 973 544 64 purgez ſommes par Chriſt ſans plus.

152 1024 502 65 Pour tant nous eſt tout pardonné,

110 1070 344 62 Et paradis außi donné,

139 1119 505 63 O doulx IESVS tu la ſcais bien,

119 1168 503 69 Qu'auons par toy vray Requiem.

526 1326 325 64 c 5 De
