<?xml version="1.0" encoding="UTF-8"?>
<alto xmlns:xsi="http://www.w3.org/2001/XMLSchema-instance"
      xmlns="http://www.loc.gov/standards/alto/ns-v4#"
      xsi:schemaLocation="http://www.loc.gov/standards/alto/ns-v4# http://www.loc.gov/standards/alto/v4/alto-4-2.xsd">
  <Description>
    <MeasurementUnit>pixel</MeasurementUnit>
    <sourceImageInformation>
      <fileName>50_886bb_default.jpg</fileName>
      <fileIdentifier>https://iiif.onb.ac.at/images/ABO/Z182216605/00000051/full/full/0/default.jpg</fileIdentifier>
    </sourceImageInformation>
  </Description>
  <Tags>
    <OtherTag ID="BT10" LABEL="DropCapitalZone" DESCRIPTION="block type DropCapitalZone"/><OtherTag ID="BT11" LABEL="GraphicZone" DESCRIPTION="block type GraphicZone"/><OtherTag ID="BT12" LABEL="MainZone" DESCRIPTION="block type MainZone"/><OtherTag ID="BT13" LABEL="MarginTextZone" DESCRIPTION="block type MarginTextZone"/><OtherTag ID="BT15" LABEL="NumberingZone" DESCRIPTION="block type NumberingZone"/><OtherTag ID="BT17" LABEL="QuireMarksZone" DESCRIPTION="block type QuireMarksZone"/><OtherTag ID="BT18" LABEL="RunningTitleZone" DESCRIPTION="block type RunningTitleZone"/><OtherTag ID="BT20" LABEL="StampZone" DESCRIPTION="block type StampZone"/><OtherTag ID="BT21" LABEL="TableZone" DESCRIPTION="block type TableZone"/><OtherTag ID="BT22" LABEL="TitlePageZone" DESCRIPTION="block type TitlePageZone"/><OtherTag ID="BT3041" LABEL="MarginTextZone:handwrittenAddition" DESCRIPTION="block type MarginTextZone:handwrittenAddition"/>
    <OtherTag ID="LT8" LABEL="DefaultLine" DESCRIPTION="line type DefaultLine"/><OtherTag ID="LT9" LABEL="DropCapitalLine" DESCRIPTION="line type DropCapitalLine"/><OtherTag ID="LT10" LABEL="HeadingLine" DESCRIPTION="line type HeadingLine"/>
  </Tags>
  <Layout>
    <Page WIDTH="961"
          HEIGHT="1486"
          PHYSICAL_IMG_NR="50"
          ID="eSc_dummypage_">
      <PrintSpace HPOS="0"
                  VPOS="0"
                  WIDTH="961"
                  HEIGHT="1486">
        <TextBlock HPOS="82"
                   VPOS="17"
                   WIDTH="615"
                   HEIGHT="1299"
                   ID="eSc_textblock_dbf0bf77"
                   TAGREFS="BT12">
          <Shape><Polygon POINTS="82 25 91 1316 555 1301 575 1265 675 1241 558 906 689 857 697 793 674 770 603 695 599 605 591 428 685 370 673 273 556 242 616 17"/></Shape>
          <TextLine ID="eSc_line_a39eec9f"
                    TAGREFS="LT8"
                    BASELINE="93 65 601 59" 
                    HPOS="92"
                    VPOS="23"
                    WIDTH="509"
                    HEIGHT="59">
            <Shape><Polygon POINTS="554 25 546 25 538 24 534 24 525 29 519 24 513 24 505 24 497 24 488 24 485 28 477 23 472 23 463 23 455 23 447 23 439 23 430 23 426 23 396 30 386 23 381 23 373 23 366 23 357 32 307 32 264 24 263 24 262 24 242 31 228 27 227 27 227 27 199 33 188 23 187 23 186 23 165 23 164 23 163 23 162 23 156 29 150 24 149 24 148 24 122 24 121 24 120 24 93 33 92 35 93 65 93 75 146 75 155 82 156 82 156 82 157 82 158 82 176 74 203 74 208 79 209 79 210 79 211 79 276 73 285 80 286 80 287 80 288 80 375 80 376 80 395 75 435 77 435 77 436 77 461 70 481 78 482 78 482 79 482 78 483 78 499 72 518 78 519 78 520 78 520 78 521 78 530 71 536 76 537 76 538 76 539 76 539 76 557 70 566 77 567 77 568 77 568 78 600 78 601 59 599 29 572 29 559 25 554 25"/></Shape>
            <String CONTENT="Au ſermon prendre mon ſoulas,"
                    HPOS="92"
                    VPOS="23"
                    WIDTH="509"
                    HEIGHT="59"
                    ></String>
          </TextLine>
          <TextLine ID="eSc_line_47b3ca76"
                    TAGREFS="LT8"
                    BASELINE="93 112 568 108" 
                    HPOS="92"
                    VPOS="71"
                    WIDTH="476"
                    HEIGHT="58">
            <Shape><Polygon POINTS="93 112 93 124 120 127 121 127 152 123 162 127 163 127 164 128 164 127 165 127 175 123 186 128 187 128 188 129 211 129 211 128 246 122 251 127 251 127 252 127 253 127 254 128 278 128 278 127 279 127 279 127 279 127 286 122 315 122 328 127 329 127 330 127 355 127 355 127 356 127 356 126 363 121 388 121 397 126 397 126 398 126 399 126 448 121 468 126 468 126 469 126 470 126 488 120 513 126 514 126 515 126 525 120 539 126 539 126 540 126 568 125 568 108 566 83 524 83 510 71 509 71 508 71 507 71 506 71 487 81 418 82 404 74 403 74 402 74 402 74 401 74 390 79 375 73 374 73 373 73 373 73 372 73 360 81 328 84 279 73 211 73 210 73 209 73 184 83 179 80 178 80 177 80 176 80 175 80 161 84 136 83 126 74 125 74 124 74 123 74 123 74 92 85 93 112"/></Shape>
            <String CONTENT="Aueugles ſans guieres tarder,"
                    HPOS="92"
                    VPOS="71"
                    WIDTH="476"
                    HEIGHT="58"
                    ></String>
          </TextLine>
          <TextLine ID="eSc_line_b2771da7"
                    TAGREFS="LT8"
                    BASELINE="92 160 563 156" 
                    HPOS="91"
                    VPOS="119"
                    WIDTH="472"
                    HEIGHT="62">
            <Shape><Polygon POINTS="92 160 92 171 131 176 132 176 152 172 160 179 160 180 161 180 162 180 163 181 181 181 181 180 182 180 199 173 215 179 216 179 217 179 248 175 253 179 254 179 255 179 255 179 288 179 288 179 288 179 314 170 364 179 364 179 401 171 410 178 411 178 411 178 412 179 445 179 445 178 446 178 469 170 490 177 491 177 492 178 518 178 518 177 519 177 520 177 530 168 563 167 563 156 560 127 497 127 490 120 490 119 489 119 488 119 476 119 475 119 474 119 452 128 403 128 395 121 395 120 394 120 393 120 392 120 392 120 391 120 391 121 383 128 373 128 360 121 359 121 359 121 358 121 357 121 356 121 347 127 319 128 302 121 301 121 300 121 299 121 298 121 289 129 265 129 255 122 254 122 253 122 238 122 237 122 236 122 236 122 227 128 222 125 222 124 222 124 221 124 220 124 219 124 206 128 185 122 184 122 184 122 163 123 162 123 161 123 161 123 154 130 137 123 137 123 110 123 109 123 108 123 91 129 92 160"/></Shape>
            <String CONTENT="Me font ſuyuir (las) pas à pas:"
                    HPOS="91"
                    VPOS="119"
                    WIDTH="472"
                    HEIGHT="62"
                    WC="0.993741387501359"></String>
          </TextLine>
          <TextLine ID="eSc_line_9bc35719"
                    TAGREFS="LT8"
                    BASELINE="91 209 488 208" 
                    HPOS="90"
                    VPOS="171"
                    WIDTH="398"
                    HEIGHT="56">
            <Shape><Polygon POINTS="91 209 91 219 107 224 108 224 108 224 109 224 110 224 110 223 115 219 169 219 187 227 188 227 189 227 217 227 217 227 217 227 218 227 218 226 226 219 276 221 280 225 280 226 281 226 282 226 283 227 316 227 316 226 317 226 317 226 317 225 326 218 355 218 368 226 369 226 369 226 370 226 458 219 474 226 475 226 476 226 487 223 488 208 487 179 466 173 465 173 464 173 463 173 454 178 447 173 446 173 445 173 444 173 444 173 424 179 407 171 406 171 383 171 383 171 382 171 366 179 359 172 359 171 359 171 358 171 322 171 321 171 321 171 299 178 270 172 269 172 269 172 252 179 240 173 239 173 238 173 237 173 236 173 236 174 230 180 183 180 175 174 174 174 173 174 172 174 146 179 136 173 135 173 134 173 133 173 90 179 91 209"/></Shape>
            <String CONTENT="Mais quoy qu’ilz facent,"
                    HPOS="90"
                    VPOS="171"
                    WIDTH="398"
                    HEIGHT="56"
                    WC="0.9834611912568411"></String>
          </TextLine>
          <TextLine ID="eSc_line_949a213b"
                    TAGREFS="LT8"
                    BASELINE="93 258 416 256" 
                    HPOS="92"
                    VPOS="222"
                    WIDTH="324"
                    HEIGHT="52">
            <Shape><Polygon POINTS="93 258 93 267 126 269 132 274 133 274 134 274 135 274 136 274 137 274 143 270 198 274 199 274 200 274 225 267 251 274 252 274 253 274 254 274 270 266 295 266 308 273 309 273 310 273 311 273 336 266 357 270 358 270 359 270 359 270 364 266 370 271 371 271 372 271 373 271 415 265 416 256 414 229 357 229 334 222 333 222 332 222 331 222 331 222 326 227 282 227 271 222 270 222 269 222 269 222 249 229 216 222 215 222 184 228 170 222 169 222 168 222 123 226 111 222 110 222 109 222 108 222 92 229 93 258"/></Shape>
            <String CONTENT="Ou qu’ilz menacent,"
                    HPOS="92"
                    VPOS="222"
                    WIDTH="324"
                    HEIGHT="52"
                    WC="0.9220271110534668"></String>
          </TextLine>
          <TextLine ID="eSc_line_2c52b46c"
                    TAGREFS="LT8"
                    BASELINE="89 308 656 302" 
                    HPOS="89"
                    VPOS="261"
                    WIDTH="567"
                    HEIGHT="65">
            <Shape><Polygon POINTS="89 308 90 326 110 317 123 317 136 325 137 325 137 325 138 325 139 325 160 317 185 324 186 324 187 325 221 325 221 324 222 324 239 316 272 323 273 323 274 323 274 323 274 322 282 316 296 320 297 320 298 320 298 320 299 320 307 315 333 320 334 320 335 320 355 315 368 320 369 320 369 320 370 320 371 320 378 314 418 314 441 321 442 321 443 321 474 317 491 321 492 321 492 321 518 313 539 320 539 320 540 321 571 321 571 320 572 320 587 313 602 319 603 319 604 319 605 319 620 312 647 317 648 317 648 317 649 317 656 312 656 302 655 271 634 261 634 261 583 261 582 261 547 268 534 262 533 262 532 262 531 262 505 273 387 270 386 270 350 274 336 267 335 267 334 267 333 267 332 267 325 274 302 265 302 265 301 265 265 265 264 265 242 274 191 271 190 271 144 276 119 267 118 267 118 267 117 267 116 267 108 274 89 273 89 308"/></Shape>
            <String CONTENT="I&#x27;auray touſiours mon grand plaiſir,"
                    HPOS="89"
                    VPOS="261"
                    WIDTH="567"
                    HEIGHT="65"
                    WC="0.9797011150254143"></String>
          </TextLine>
          <TextLine ID="eSc_line_da4d7c19"
                    TAGREFS="LT8"
                    BASELINE="92 358 669 350" 
                    HPOS="91"
                    VPOS="312"
                    WIDTH="578"
                    HEIGHT="61">
            <Shape><Polygon POINTS="92 358 93 371 107 366 123 371 124 371 125 371 156 365 189 370 189 370 190 370 191 370 198 364 231 364 256 373 257 373 258 373 259 373 260 373 269 364 284 364 308 364 323 371 324 371 325 371 326 371 348 364 367 372 368 372 369 372 391 367 397 372 398 372 399 372 400 372 442 371 443 371 444 371 453 364 474 371 475 371 476 371 477 371 506 362 520 369 521 369 522 369 550 363 568 369 568 369 569 369 570 369 589 364 621 369 622 369 623 369 634 363 667 369 669 350 667 322 657 322 645 312 644 312 643 312 643 312 592 313 591 313 591 313 577 323 539 323 495 314 481 314 480 314 479 314 478 314 478 315 468 325 431 325 394 316 393 316 352 321 328 317 327 317 281 326 255 318 254 318 253 318 252 318 236 326 218 323 217 323 217 323 216 323 211 327 184 321 184 321 183 321 182 321 175 327 170 323 169 323 168 323 167 323 134 328 120 319 119 319 118 319 118 319 91 321 92 358"/></Shape>
            <String CONTENT="En IESVS Chriſt qui eſt mon deſir,"
                    HPOS="91"
                    VPOS="312"
                    WIDTH="578"
                    HEIGHT="61"
                    ></String>
          </TextLine>
          <TextLine ID="eSc_line_e901a47c"
                    TAGREFS="LT8"
                    BASELINE="127 406 596 401" 
                    HPOS="127"
                    VPOS="364"
                    WIDTH="469"
                    HEIGHT="57">
            <Shape><Polygon POINTS="127 406 127 415 180 415 190 421 191 421 192 421 193 421 194 421 213 414 275 414 283 420 284 420 284 420 285 420 312 416 318 420 319 420 320 420 321 420 393 419 394 419 395 419 402 414 416 418 416 418 417 418 418 418 419 418 424 414 430 419 431 419 432 419 433 419 469 411 497 411 503 417 503 418 504 418 505 418 506 418 572 411 595 415 596 401 594 373 548 373 537 367 536 367 535 367 534 367 520 372 501 364 501 364 500 364 499 364 498 364 487 373 466 364 465 364 464 364 463 364 448 372 440 367 440 367 439 367 438 367 437 367 436 367 430 373 403 373 392 364 392 364 391 364 390 364 371 369 362 364 361 364 360 364 317 368 317 368 304 374 293 366 293 366 292 366 291 366 290 366 289 366 280 372 228 366 227 366 227 366 205 375 184 367 184 367 183 367 182 367 181 367 181 368 175 373 155 370 154 370 153 370 127 377 127 406"/></Shape>
            <String CONTENT="Ce bon Dieu ſ&#x27;eſt voulu loger,"
                    HPOS="127"
                    VPOS="364"
                    WIDTH="469"
                    HEIGHT="57"
                    WC="0.9875508924325307"></String>
          </TextLine>
          <TextLine ID="eSc_line_1b888309"
                    TAGREFS="LT8"
                    BASELINE="93 455 242 452 572 453" 
                    HPOS="92"
                    VPOS="415"
                    WIDTH="480"
                    HEIGHT="58">
            <Shape><Polygon POINTS="93 455 93 469 153 463 199 472 200 472 201 472 202 472 213 463 264 463 269 468 270 468 271 468 272 468 273 468 287 463 298 468 299 468 300 468 301 468 312 463 321 471 321 472 321 472 322 472 323 473 344 473 344 472 345 472 345 472 355 463 394 463 407 472 408 472 409 472 410 472 411 472 411 472 421 463 444 463 461 472 462 472 463 472 494 466 501 472 502 472 503 472 504 472 540 468 560 472 561 472 562 472 563 472 572 465 572 453 571 425 535 425 526 416 526 415 525 415 525 415 486 415 485 415 484 415 473 421 469 417 468 417 468 417 467 417 466 417 465 417 465 418 459 425 443 425 434 416 434 415 433 415 432 415 410 415 409 415 408 415 407 415 394 425 345 425 330 416 329 416 328 416 327 416 326 416 311 421 304 416 303 416 302 416 254 415 253 415 252 415 251 415 243 421 227 421 222 416 222 415 221 415 220 415 197 415 196 415 195 415 178 424 159 419 158 419 157 419 156 419 156 419 150 425 128 425 115 416 114 416 113 416 113 416 112 416 92 424 93 455"/></Shape>
            <String CONTENT="Auecques moy pour ſon plaiſir,"
                    HPOS="92"
                    VPOS="415"
                    WIDTH="480"
                    HEIGHT="58"
                    WC="0.9869891941547394"></String>
          </TextLine>
          <TextLine ID="eSc_line_70add30e"
                    TAGREFS="LT8"
                    BASELINE="92 504 527 501" 
                    HPOS="91"
                    VPOS="462"
                    WIDTH="436"
                    HEIGHT="56">
            <Shape><Polygon POINTS="92 504 93 514 98 511 117 518 118 518 118 518 192 511 202 516 203 516 203 516 204 516 226 511 274 517 274 517 275 517 276 517 284 511 309 510 360 510 388 516 388 516 389 516 526 513 527 501 525 472 501 468 500 468 459 472 447 462 446 462 445 462 419 462 418 462 417 462 416 462 416 463 411 468 392 463 391 463 390 463 389 463 377 468 369 463 368 463 367 463 347 463 346 463 345 463 326 472 279 466 278 466 277 466 262 471 255 464 255 463 254 463 253 463 230 463 229 463 228 463 227 463 213 473 181 468 180 468 179 468 160 474 91 467 92 504"/></Shape>
            <String CONTENT="Point ne l’ay voulu deſloger,"
                    HPOS="91"
                    VPOS="462"
                    WIDTH="436"
                    HEIGHT="56"
                    WC="0.9599510205203089"></String>
          </TextLine>
          <TextLine ID="eSc_line_2c7fa94d"
                    TAGREFS="LT8"
                    BASELINE="93 553 562 548" 
                    HPOS="92"
                    VPOS="509"
                    WIDTH="470"
                    HEIGHT="62">
            <Shape><Polygon POINTS="93 553 93 562 113 567 114 567 115 567 172 563 184 571 184 571 185 571 186 571 187 571 204 563 213 566 214 566 215 566 216 566 225 562 258 566 259 566 278 562 284 567 284 567 285 567 286 567 287 567 288 567 299 563 307 569 307 569 308 569 309 569 362 560 370 560 379 568 379 569 380 569 381 569 382 570 397 570 397 569 397 569 398 569 407 561 429 568 430 568 430 568 459 564 526 567 527 567 528 567 529 567 544 558 560 563 562 548 560 511 512 509 511 509 511 509 510 509 500 517 484 509 483 509 482 509 482 509 462 519 443 519 428 511 427 511 426 511 426 511 425 511 416 519 347 519 336 511 335 511 334 511 311 511 310 511 309 511 277 520 250 515 249 515 248 515 247 515 241 520 214 512 213 512 189 512 188 512 187 512 173 520 160 513 160 513 159 513 158 513 142 521 113 513 113 513 112 513 111 513 92 521 93 553"/></Shape>
            <String CONTENT="Mais ſur tout l&#x27;ay voulu choiſir"
                    HPOS="92"
                    VPOS="509"
                    WIDTH="470"
                    HEIGHT="62"
                    WC="0.971936795860529"></String>
          </TextLine>
          <TextLine ID="eSc_line_e5b2c125"
                    TAGREFS="LT8"
                    BASELINE="95 601 364 599" 
                    HPOS="94"
                    VPOS="560"
                    WIDTH="270"
                    HEIGHT="56">
            <Shape><Polygon POINTS="95 601 95 616 144 616 144 615 145 615 160 610 176 615 177 615 178 615 179 615 190 611 228 615 229 615 230 615 247 610 364 614 364 599 364 570 335 560 334 560 312 560 312 560 311 560 310 560 299 569 276 560 275 560 232 560 231 560 231 560 204 571 162 571 150 564 149 564 148 564 147 564 131 569 125 564 125 563 124 563 123 563 123 563 94 567 95 601"/></Shape>
            <String CONTENT="Suyuant ſa traße,"
                    HPOS="94"
                    VPOS="560"
                    WIDTH="270"
                    HEIGHT="56"
                    WC="0.9726430212750155"></String>
          </TextLine>
          <TextLine ID="eSc_line_06cbf8dd"
                    TAGREFS="LT8"
                    BASELINE="94 649 360 647" 
                    HPOS="93"
                    VPOS="608"
                    WIDTH="267"
                    HEIGHT="55">
            <Shape><Polygon POINTS="94 649 94 657 145 657 158 663 159 663 160 663 201 662 202 662 203 662 210 657 230 662 231 662 231 662 232 662 233 662 233 662 239 657 262 660 263 660 264 660 265 660 271 656 286 662 287 662 288 662 329 657 359 661 360 647 358 618 334 618 323 609 323 608 322 608 321 608 321 608 320 608 297 614 289 609 288 609 288 609 287 609 286 609 285 609 285 610 277 618 260 609 260 609 259 609 217 618 207 610 207 609 206 609 205 609 204 609 203 609 174 619 165 610 165 610 164 610 163 610 162 610 161 610 142 618 110 611 109 611 93 614 94 649"/></Shape>
            <String CONTENT="Et il m’embraße,"
                    HPOS="93"
                    VPOS="608"
                    WIDTH="267"
                    HEIGHT="55"
                    WC="0.9824618138372898"></String>
          </TextLine>
          <TextLine ID="eSc_line_fd8eb967"
                    TAGREFS="LT8"
                    BASELINE="94 697 592 695" 
                    HPOS="93"
                    VPOS="654"
                    WIDTH="499"
                    HEIGHT="60">
            <Shape><Polygon POINTS="94 697 94 708 108 714 109 714 110 714 146 707 206 711 207 711 208 711 208 711 214 707 247 714 248 714 277 713 278 713 293 706 323 713 324 714 379 714 379 713 380 713 399 707 416 712 416 712 417 712 418 712 419 712 429 705 468 709 468 709 469 709 470 709 470 709 474 705 526 705 539 712 540 712 541 713 560 713 560 712 561 712 562 712 569 706 591 708 592 695 591 657 504 654 503 654 502 654 501 654 501 655 494 662 478 662 461 654 460 654 459 654 459 654 458 654 458 655 453 660 426 662 417 655 416 655 416 655 390 655 389 655 388 655 388 655 388 656 378 665 262 665 247 657 246 657 246 657 245 657 233 663 226 657 225 657 224 657 184 657 184 657 183 657 182 657 171 665 144 660 143 660 142 660 142 660 142 661 137 666 93 666 94 697"/></Shape>
            <String CONTENT="Mes delictz maugré l&#x27;Antechriſt,"
                    HPOS="93"
                    VPOS="654"
                    WIDTH="499"
                    HEIGHT="60"
                    WC="0.9878774628494725"></String>
          </TextLine>
          <TextLine ID="eSc_line_6f4221f9"
                    TAGREFS="LT8"
                    BASELINE="96 747 525 743" 
                    HPOS="95"
                    VPOS="705"
                    WIDTH="430"
                    HEIGHT="58">
            <Shape><Polygon POINTS="96 747 96 757 174 763 175 763 175 763 176 763 186 756 215 762 216 762 267 753 284 760 285 760 286 760 317 753 380 759 381 759 413 752 497 760 497 760 498 760 525 750 525 743 523 707 478 705 478 705 477 705 462 711 456 706 456 705 455 705 454 705 438 705 437 705 436 705 416 714 403 711 402 711 402 711 401 711 400 711 394 716 387 710 386 710 385 710 384 710 383 710 383 710 383 711 378 715 371 711 370 711 369 711 369 711 345 719 293 719 251 710 250 710 250 710 234 719 204 719 192 708 191 708 190 708 189 708 136 714 125 709 124 709 123 709 123 709 95 720 96 747"/></Shape>
            <String CONTENT="A effacé ce IESVS Chriſt."
                    HPOS="95"
                    VPOS="705"
                    WIDTH="430"
                    HEIGHT="58"
                    ></String>
          </TextLine>
          <TextLine ID="eSc_line_acef8610"
                    TAGREFS="LT8"
                    BASELINE="134 796 605 789" 
                    HPOS="133"
                    VPOS="752"
                    WIDTH="472"
                    HEIGHT="58">
            <Shape><Polygon POINTS="134 796 134 804 164 809 165 809 165 809 166 809 174 804 220 809 221 809 222 809 222 809 228 803 248 803 260 810 260 810 261 810 262 810 298 802 318 809 319 809 320 809 321 809 347 801 373 809 374 809 375 809 376 809 396 804 492 807 492 807 493 807 494 807 501 801 524 806 525 806 569 798 604 804 605 789 603 752 582 752 582 752 581 752 580 752 572 758 566 753 566 752 565 752 564 752 563 752 543 753 542 753 526 761 499 761 472 757 471 757 423 762 415 756 415 755 414 755 413 755 396 755 395 755 394 755 393 755 393 756 384 764 363 764 344 756 343 756 342 756 341 756 340 756 331 763 323 757 322 757 321 757 321 757 320 757 304 764 241 760 240 760 215 766 192 758 191 758 190 758 189 758 189 758 189 759 184 764 159 766 148 759 147 759 146 759 146 759 145 759 133 763 134 796"/></Shape>
            <String CONTENT="Helas mon Dieu, à quoy tient il"
                    HPOS="133"
                    VPOS="752"
                    WIDTH="472"
                    HEIGHT="58"
                    WC="0.9886322040110826"></String>
          </TextLine>
          <TextLine ID="eSc_line_0e338b2b"
                    TAGREFS="LT8"
                    BASELINE="103 846 676 837" 
                    HPOS="102"
                    VPOS="800"
                    WIDTH="574"
                    HEIGHT="63">
            <Shape><Polygon POINTS="103 846 103 856 125 863 126 863 127 863 171 862 172 862 173 862 182 856 214 860 215 860 216 860 233 855 243 860 244 860 245 860 246 860 269 854 293 859 293 859 294 859 312 853 381 853 389 859 390 859 391 859 392 860 412 860 412 859 413 859 438 851 467 858 468 858 498 857 499 857 520 850 600 856 601 856 624 851 649 855 650 855 651 855 676 847 676 837 675 800 634 800 634 800 633 800 632 800 617 812 551 812 540 806 539 806 539 806 538 806 525 812 511 807 510 807 509 807 440 813 415 804 414 804 413 804 354 805 308 816 261 808 260 808 260 808 259 808 259 809 253 814 204 818 165 818 142 810 142 810 141 810 140 810 139 810 130 818 118 809 118 809 117 809 116 809 102 811 103 846"/></Shape>
            <String CONTENT="Que IESVS Chriſt on ne congnoiſt?"
                    HPOS="102"
                    VPOS="800"
                    WIDTH="574"
                    HEIGHT="63"
                    ></String>
          </TextLine>
          <TextLine ID="eSc_line_e9a1d3df"
                    TAGREFS="LT8"
                    BASELINE="96 893 522 888" 
                    HPOS="95"
                    VPOS="851"
                    WIDTH="427"
                    HEIGHT="57">
            <Shape><Polygon POINTS="96 893 97 908 116 903 136 907 137 907 137 907 151 903 183 906 184 906 184 906 185 906 185 905 189 902 288 905 289 905 290 905 291 905 296 901 355 904 355 904 380 899 520 903 522 888 520 858 488 851 487 851 487 851 471 860 463 852 463 851 463 851 462 851 449 851 449 851 448 851 430 861 413 852 412 852 378 852 378 852 320 861 293 854 293 854 292 854 291 854 263 863 225 863 207 855 206 855 205 855 204 855 203 855 203 856 195 863 157 860 156 860 136 864 119 859 118 859 118 859 95 864 96 893"/></Shape>
            <String CONTENT="Certes de toy mauldict eſt cil"
                    HPOS="95"
                    VPOS="851"
                    WIDTH="427"
                    HEIGHT="57"
                    WC="0.9703731417655945"></String>
          </TextLine>
          <TextLine ID="eSc_line_7cc3a972"
                    TAGREFS="LT8"
                    BASELINE="99 943 539 939" 
                    HPOS="98"
                    VPOS="901"
                    WIDTH="441"
                    HEIGHT="59">
            <Shape><Polygon POINTS="99 943 99 954 184 960 185 960 186 960 187 960 187 960 195 952 208 960 209 960 210 960 211 960 212 960 234 952 289 955 290 955 291 955 307 951 319 959 320 959 321 959 321 959 322 959 323 959 333 951 345 951 355 957 356 957 357 957 358 957 359 957 372 950 396 950 406 958 407 958 407 958 408 959 450 959 450 958 451 958 467 951 507 957 508 957 509 957 510 957 520 949 538 956 539 939 538 912 486 911 451 901 450 901 449 901 449 901 433 906 399 902 398 902 347 913 329 913 319 903 319 903 318 903 317 903 317 903 316 903 315 903 305 911 291 908 290 908 289 908 288 908 273 913 239 913 227 903 227 903 226 903 225 903 200 904 199 904 198 904 185 914 173 904 172 904 171 904 170 904 170 904 151 909 118 904 118 904 117 904 98 914 99 943"/></Shape>
            <String CONTENT="Qui m&#x27;en a mis en tel eſmoy,"
                    HPOS="98"
                    VPOS="901"
                    WIDTH="441"
                    HEIGHT="59"
                    WC="0.9959273444754737"></String>
          </TextLine>
          <TextLine ID="eSc_line_23c336ee"
                    TAGREFS="LT8"
                    BASELINE="96 992 344 989" 
                    HPOS="95"
                    VPOS="949"
                    WIDTH="249"
                    HEIGHT="55">
            <Shape><Polygon POINTS="96 992 96 1004 344 1002 344 989 342 956 284 949 283 949 282 949 255 961 236 961 224 951 223 951 222 951 222 951 221 951 220 951 208 960 150 963 120 951 119 951 118 951 95 953 96 992"/></Shape>
            <String CONTENT="I’en ay eu peine"
                    HPOS="95"
                    VPOS="949"
                    WIDTH="249"
                    HEIGHT="55"
                    WC="0.9796308986842632"></String>
          </TextLine>
          <TextLine ID="eSc_line_6eb1d9d4"
                    TAGREFS="LT8"
                    BASELINE="96 1041 426 1037" 
                    HPOS="95"
                    VPOS="998"
                    WIDTH="331"
                    HEIGHT="57">
            <Shape><Polygon POINTS="96 1041 96 1054 159 1055 160 1055 160 1055 161 1055 169 1050 226 1054 227 1054 227 1054 228 1054 234 1049 253 1054 254 1054 255 1054 255 1054 256 1054 265 1048 308 1053 309 1053 310 1053 311 1053 319 1047 346 1047 359 1052 359 1052 360 1052 361 1052 378 1047 425 1051 426 1037 424 1009 397 1008 373 998 372 998 371 998 370 998 369 998 359 1006 351 1000 350 1000 350 1000 349 1000 348 1000 331 1009 279 1006 278 1006 255 1010 237 999 236 999 236 999 200 999 199 999 198 999 198 999 190 1004 171 1000 170 1000 170 1000 152 1005 142 1000 141 1000 109 1000 108 1000 108 1000 107 1000 95 1007 96 1041"/></Shape>
            <String CONTENT="Mais Dieu me meine,"
                    HPOS="95"
                    VPOS="998"
                    WIDTH="331"
                    HEIGHT="57"
                    WC="0.9974754923268369"></String>
          </TextLine>
          <TextLine ID="eSc_line_f2558e3e"
                    TAGREFS="LT8"
                    BASELINE="94 1090 517 1083" 
                    HPOS="94"
                    VPOS="1041"
                    WIDTH="423"
                    HEIGHT="63">
            <Shape><Polygon POINTS="515 1041 511 1041 446 1042 445 1042 403 1055 385 1050 384 1050 383 1050 383 1050 382 1050 376 1055 359 1055 338 1046 337 1046 336 1046 336 1046 324 1050 312 1045 312 1045 311 1045 310 1045 280 1056 220 1045 219 1045 218 1045 217 1045 204 1057 192 1058 147 1058 122 1047 121 1047 120 1047 119 1047 118 1047 106 1055 94 1055 94 1090 94 1100 131 1099 142 1104 142 1104 143 1104 144 1104 165 1097 243 1100 244 1100 276 1096 293 1102 294 1102 295 1102 341 1102 342 1102 370 1094 422 1094 430 1100 431 1100 432 1100 433 1100 434 1100 451 1094 468 1099 469 1099 470 1099 517 1098 517 1083 515 1041 515 1041"/></Shape>
            <String CONTENT="Et m’a donné fiance au dict"
                    HPOS="94"
                    VPOS="1041"
                    WIDTH="423"
                    HEIGHT="63"
                    WC="0.9513491839170456"></String>
          </TextLine>
          <TextLine ID="eSc_line_7d503081"
                    TAGREFS="LT8"
                    BASELINE="99 1140 488 1133" 
                    HPOS="98"
                    VPOS="1093"
                    WIDTH="390"
                    HEIGHT="63">
            <Shape><Polygon POINTS="99 1140 99 1149 113 1156 113 1156 114 1156 115 1156 116 1156 123 1151 146 1156 147 1156 173 1155 174 1155 197 1147 231 1147 254 1154 255 1154 255 1154 256 1154 257 1154 257 1153 265 1145 316 1145 340 1153 341 1153 342 1153 488 1142 488 1133 487 1102 444 1093 443 1093 442 1093 441 1093 426 1102 407 1102 393 1094 392 1094 392 1094 391 1094 390 1094 370 1103 343 1095 342 1095 341 1095 340 1095 340 1095 340 1096 331 1105 320 1105 312 1097 312 1097 312 1097 311 1097 310 1097 278 1103 271 1097 271 1097 270 1097 269 1097 253 1097 252 1097 251 1097 250 1097 250 1097 241 1107 204 1107 197 1099 197 1098 196 1098 195 1098 175 1098 174 1098 173 1098 156 1107 147 1102 146 1102 146 1102 123 1107 112 1100 111 1100 110 1100 109 1100 108 1100 98 1104 99 1140"/></Shape>
            <String CONTENT="Que le iuſte de ſa foy vit."
                    HPOS="98"
                    VPOS="1093"
                    WIDTH="390"
                    HEIGHT="63"
                    WC="0.9785350848127294"></String>
          </TextLine>
          <TextLine ID="eSc_line_625f58fd"
                    TAGREFS="LT8"
                    BASELINE="131 1187 615 1181" 
                    HPOS="130"
                    VPOS="1144"
                    WIDTH="485"
                    HEIGHT="58">
            <Shape><Polygon POINTS="609 1151 601 1150 592 1149 588 1149 581 1149 577 1147 576 1147 568 1146 559 1145 558 1145 536 1150 501 1144 500 1144 499 1144 498 1144 489 1150 477 1144 476 1144 475 1144 443 1145 442 1145 441 1145 441 1145 434 1152 347 1152 321 1146 320 1146 319 1146 318 1146 318 1147 312 1153 299 1153 270 1146 269 1146 239 1153 231 1147 230 1147 229 1147 211 1147 210 1147 209 1147 208 1147 197 1154 156 1151 155 1151 130 1155 131 1187 131 1195 149 1202 150 1202 151 1202 199 1202 199 1202 237 1195 260 1201 261 1201 262 1201 298 1194 346 1194 355 1199 355 1199 356 1199 357 1199 358 1199 378 1193 399 1198 400 1198 401 1198 428 1192 448 1197 449 1197 477 1192 517 1192 530 1197 530 1197 531 1197 532 1197 552 1191 565 1196 566 1196 567 1196 615 1194 615 1181 613 1153 609 1151"/></Shape>
            <String CONTENT="I&#x27;ay ſouuent le cœur bien marry"
                    HPOS="130"
                    VPOS="1144"
                    WIDTH="485"
                    HEIGHT="58"
                    WC="0.9985673446809092"></String>
          </TextLine>
          <TextLine ID="eSc_line_db60c372"
                    TAGREFS="LT8"
                    BASELINE="93 1237 653 1229" 
                    HPOS="92"
                    VPOS="1191"
                    WIDTH="561"
                    HEIGHT="63">
            <Shape><Polygon POINTS="649 1192 601 1191 601 1191 600 1191 578 1202 532 1202 520 1195 519 1195 518 1195 517 1195 516 1195 516 1196 509 1202 473 1193 473 1193 472 1193 471 1193 458 1203 424 1203 392 1194 392 1194 391 1194 326 1195 325 1195 302 1203 243 1201 242 1201 198 1206 92 1198 93 1237 93 1247 106 1254 107 1254 108 1254 147 1254 147 1254 205 1244 222 1249 223 1249 224 1249 261 1242 354 1242 366 1250 367 1250 368 1250 369 1250 397 1244 415 1249 416 1249 416 1249 417 1249 438 1243 447 1249 448 1249 449 1249 449 1249 469 1249 469 1249 470 1249 499 1239 591 1247 592 1247 593 1247 594 1247 601 1243 629 1245 629 1245 630 1245 653 1237 653 1229 652 1201 649 1192"/></Shape>
            <String CONTENT="De IESVS Chriſt que ne voy point"
                    HPOS="92"
                    VPOS="1191"
                    WIDTH="561"
                    HEIGHT="63"
                    WC="0.9913771767169237"></String>
          </TextLine>
          <TextLine ID="eSc_line_06d643dc"
                    TAGREFS="LT8"
                    BASELINE="102 1289 336 1282 554 1280" 
                    HPOS="100"
                    VPOS="1242"
                    WIDTH="454"
                    HEIGHT="75">
            <Shape><Polygon POINTS="102 1289 102 1317 121 1317 121 1316 122 1316 123 1316 123 1315 132 1307 158 1315 159 1315 160 1315 160 1315 161 1315 161 1315 169 1307 194 1304 206 1313 207 1313 208 1313 208 1314 222 1314 222 1313 223 1313 224 1313 244 1296 264 1295 302 1295 322 1308 323 1308 324 1308 325 1308 326 1308 355 1293 369 1299 370 1299 371 1299 372 1299 385 1292 407 1310 408 1310 409 1310 410 1310 411 1310 411 1310 427 1297 431 1300 432 1300 433 1300 434 1300 465 1291 490 1291 511 1308 512 1308 513 1308 514 1308 554 1307 554 1280 553 1248 498 1242 497 1242 497 1242 496 1242 488 1249 472 1243 471 1243 470 1243 434 1249 425 1242 424 1242 423 1242 422 1242 421 1242 397 1250 364 1244 363 1244 362 1244 341 1253 301 1253 289 1245 288 1245 288 1245 269 1245 269 1245 268 1245 267 1245 267 1246 263 1249 229 1246 228 1246 227 1246 207 1254 193 1247 192 1247 191 1247 166 1248 165 1248 165 1248 152 1255 100 1254 102 1289"/></Shape>
            <String CONTENT="Le plus du temps il eſt murtry,"
                    HPOS="100"
                    VPOS="1242"
                    WIDTH="454"
                    HEIGHT="75"
                    WC="0.9515303277200268"></String>
          </TextLine>
        </TextBlock>
        <TextBlock HPOS="667"
                   VPOS="1284"
                   WIDTH="189"
                   HEIGHT="54"
                   ID="eSc_textblock_fee45add"
                   TAGREFS="BT17">
          <Shape><Polygon POINTS="667 1290 667 1338 856 1338 856 1284"/></Shape>
          <TextLine ID="eSc_line_a5e5c90d"
                    TAGREFS="LT8"
                    BASELINE="681 1325 842 1321" 
                    HPOS="680"
                    VPOS="1284"
                    WIDTH="162"
                    HEIGHT="55">
            <Shape><Polygon POINTS="837 1290 828 1286 820 1286 818 1286 803 1291 787 1286 787 1286 779 1285 771 1285 764 1292 752 1292 743 1285 738 1285 729 1284 721 1284 713 1284 712 1284 711 1284 710 1284 710 1284 694 1294 680 1294 681 1325 681 1338 776 1333 786 1339 787 1339 788 1339 789 1339 790 1339 790 1339 797 1333 807 1338 808 1338 809 1338 842 1337 842 1321 841 1293 837 1290"/></Shape>
            <String CONTENT="Attendant"
                    HPOS="680"
                    VPOS="1284"
                    WIDTH="162"
                    HEIGHT="55"
                    WC="0.9599299099710252"></String>
          </TextLine>
        </TextBlock>
      </PrintSpace>
    </Page>
  </Layout>
</alto>
