939 1487
100 179 67 107 L

185 38 512 60 Chanſon de la Papaute ſus,

227 88 468 68 De mon triſte & deſplaiſir.

168 185 423 62 A papauté eſt contre Chriſt

171 232 333 61 Pleine d’abomination:

86 284 471 58 Le vray royaume d’Antechriſt

88 332 369 57 Produiſant malediction,

91 386 404 49 Controuué par l’inuention

90 435 516 52 De Satan qui touſiours nous ment:

88 479 409 57 Le ſiege papal ſans fiction

89 530 488 53 De Dieu eſt maudict vrayement:

134 579 476 59 Fy pour le Pape trop meſchant,

90 626 375 58 Et pour ſes fulminations:

90 674 488 60 Fy pour ſes meſſes & ſon chant,

89 724 382 58 Et pour ſes benedictions.

88 772 462 59 Fy pour ſes offrandes & dons,

87 825 518 56 Pour ſes trois couronnes & clefz:

89 874 544 57 Fy pour pour ſes bulles & pardons,

90 925 506 53 Et pour tous ceux qu’il a reiglez.

115 970 515 60 Pour mieux le monde à ſon plaiſir

85 1018 458 58 Arrençonner plus ſainctement

85 1066 442 59 Le nom de Dieu a ſceu ſaiſir:

81 1117 381 56 Et confirmer ſubtilement

84 1165 450 55 L’ordre des quatre mendiens,

82 1214 469 55 Et tous ces queſteurs de deniers

88 1263 507 77 Qui par les maiſons des Chreſtiens

699 1319 127 63 Courent
