959 1477
75 36 502 53 Courent comme ratz en greniers.

131 84 464 56 Le Pape &, emſemble les ſiens

75 132 427 55 Cardinaux tondus & raſez

71 178 580 60 Pour nourrir leurs cheuaux & chiens

71 228 460 58 Par l’œuure de ces deſguiſez,

69 280 416 58 Ilz ont tout le monde abuſé

71 325 384 59 Par leur faulſe tradition.

78 373 513 63 Et IESVS Chriſt ont deſpriſé

76 424 400 52 Tous ces filz de perdition.

112 476 366 50 Le ciel & außi paradis

72 520 371 58 Par argent eſtoit deliuré

73 571 468 57 Au plus offrant ſans contredis.

73 620 422 56 Et celuy qui auoit plus liuré

77 672 530 55 Aux ventres gras quand ont chanté

75 721 512 54 Pour manger d’autruy les labeurs,

78 767 479 58 Et par leurs chanſons enchanté

78 817 518 55 Les bons marchans & laboureurs.

120 865 460 58 Rien n’y a que l'argent ne face

78 916 413 49 Là ou ce Dieu mortel ſera,

78 964 550 60 Les paoures meſmes n’auront gracé,

79 1016 464 55 Durant le temps qu’il regnera:

79 1060 409 59 Pourtant il le faut delaiſſer,

82 1110 400 56 Et à leſus Chriſt recourir,

87 1161 442 57 Qui pour noz pechez effacer

87 1211 426 55 Sans argent a voulu mourir.

119 1258 367 63 Ce matin & loup enragé

734 1312 91 52 Pour
