1014 1536
174 106 50 52 6

325 109 450 47 CHRESTIENNE

192 640 98 102 M

209 152 720 61 Que tout ſon bien en peu de temps ne menge:

203 200 736 62 Quand ſi puiſſant qu’vn Empereur ſeroit. 2.

207 280 673 56 Trop aymer Dieu nul homme ne pourroit

207 325 662 57 Mais paillarder ne plaict à Dieu n’à Ange.

201 372 670 52 Et briefuement: ce n’eſt rien qu’vne fange

198 412 691 60 La ou iamais net on ne ſe verroit. 2.

309 500 494 52 La 8. Chanſon, ſur le chant, de:

248 549 623 58 Vn grand plaiſir Cupido me donna, &c.

297 627 622 73 Aint grand aſſault la chair ſi me donna

299 684 574 59 Auant que Dieu m'euſt à ſoy attiré,

194 733 629 50 Et tout le temps qu’auec moy ſeiourna

195 774 580 46 Pluſieurs malheurs d'icelle i'ay tiré.

201 815 587 55 Mais Chriſt l’a ſceu: qui m'en a retiré

195 863 666 51 Pour eſtre ſien de cœur, de corps & d’ame,

198 902 670 54 Dont ne me ſens de rien plus martiré 2.

192 948 722 56 Que d’auoir tant commis vers luy de blaſme.

192 1028 610 58 Car ie ſuis ſeur que lors qu’il ordonna

193 1077 584 52 Qu’il ne ſeroit plus contre moy yré:

188 1122 649 53 T’auoys gaigné Enfer, comme vn qui n’a

186 1165 627 51 Faict que tout mal & touſiours empiré.

186 1209 567 51 Mais moy ayant apres luy ſouſpiré

186 1250 589 53 M’a diſperſé de ſa grace vne dragme,

184 1288 731 61 Et mon plaiſir en luy ſeul a viré 2.

183 1335 702 67 Dont l’ayme mieux qu’icelle chair infame.

895 1378 46 55 Si

66 147 133 65 Pro.6.c.d

64 288 134 52 Mat 22.d.

67 332 131 57 Nõbr.25.

65 634 125 51 Gal.5.c.d

57 815 132 64 Mat.11.d.

58 904 125 54 Pſal.51.a.

55 1116 123 41 Luc 15.c.

53 1151 94 47 d.e.f.g.
