1034 1504
860 73 37 47 21

237 57 537 60 RESIOVYSSANCE

135 589 69 104 D

144 104 720 80 De ſon Eſprit plein de toute ſcience. 2.

142 199 734 56 Les faulx docteurs m’ont bien ſceu decepuoir

141 243 735 61 Par leurs decretz auxquelz on ne peult veoir:

143 289 569 53 Que faulceté, hereſie & meſchance.

142 334 586 53 Le bon Ieſus leur doint a percepuoir

139 376 738 70 Leur mauluais train, & leur doint repẽtãce. 2.

198 457 525 62 La 25. Chanſon, ſur le chant, de:

180 508 584 67 De retourner mon amy ie te prie, &c.

220 584 550 68 E retourner, Ieſus Chriſt: ie te prie,

220 637 584 63 Pour mettre à bas la faulce ydolatrie

134 685 639 53 Car ſans cella on n’y ſçauroit pouruoir.

136 727 708 62 Veu que Satan tient maintz en ſon pouuoir

130 763 744 80 Qui tiennent bon pour la Papiſterie: 2.

127 854 565 58 Si quelcun veult parler de l'hereſie

132 902 571 56 Qu’on void regnet, & de ſa punaiſie

126 945 632 56 Laquelle (hellas) eſt aſſez claire à veoir

125 988 484 53 Il eſt iugé à la mort recepuoir

122 1025 708 79 Sans ordonner que ſes dictz verifie. 2.

127 1107 554 66 Pour ce (Ieſus) ſoubſtien & viuifie

128 1158 512 64 Tes priſonniers, & ſi les fortifie,

126 1205 663 64 Tant que par tout on puiſſe appercepuoir

126 1247 736 70 Que hors tes mains nul ne les peult mouuoir.

122 1289 737 83 Et que ton Nom en eulx on glorifie. 2.

884 233 123 80 coloſſ.2.

878 628 132 51 Pſal.94.a

875 660 34 51 b.

867 1016 131 47 1.Ro.19.

866 1204 123 58 Ebr.13.a

650 1346 74 67 b 3
