998 1490
158 57 63 53 178

311 49 428 56 CHRESTIENNE

183 314 77 114 L

178 100 752 61 Le Dieu gard de l’autheur, à la Ville & aux Ci¬

217 149 659 55 toyens de Geneue, la premiere fois qu’il y

300 197 506 52 veint: qui fut l’an 1537. & le

385 239 344 55 premier iour de May.

253 326 662 52 'Eſprit de Dieu qui donne aux gens repos

259 371 667 52 Vous gard de mal Geneue & voz ſuppoſtz.

183 415 647 49 Dieu gard la belle ou n’a plus de malice,

183 456 637 51 Dieu gard auſsi Meſsieurs de la Iuſtice.

184 499 613 53 Dieu gard le grand & le petit Conſeil,

184 545 688 51 Dieu gard voz gens & tout voſtre appareil.

184 586 707 53 Dieu gard, Dieu gard venerables Sindiques,

188 629 669 51 Qui donnez ordre aux affaires publiques.

187 675 724 49 Nobles, Bourgeois, Marchans, & Laboureurs:

185 717 745 50 Dieu vous gard tous, Dieu vous gard Mes ſei¬

773 762 142 55 (gneurs.

182 757 569 51 Et vous enuoye en ce val de miſere

192 802 669 49 Tout ce qu’il ſcait que vous eſt neceſſaire.

190 849 586 47 Or Dieu vous gard encores vne fois:

188 889 657 49 Car de bon cœur ie vous donne ma voix.

185 931 711 55 Dieu gard auſsi vous toutes bonnes Dames,

186 979 591 49 Et entretienne en ſa grace voz ames.

188 1019 528 50 Par voſtre foy dictes moy verité?

192 1062 580 53 Vous vient il pas plus grande vtilité

186 1105 668 53 D’ouyr preſcher de Dieu & ſes promeſſes,

191 1149 672 52 Que d’eſcouter murmurer tant de Meſſes?

190 1192 595 52 Vault il pas mieulx le repos d’eſperit,

196 1234 559 53 Que de ce corps qui à la fin pourrit?

188 1274 752 68 Vault il pas mieux tẽdre au Ciel voz courages

858 1332 80 65 Que

59 1244 92 60 Gen.3.
