1044 1512
187 23 510 55 RESIOVYSSANCE.

778 33 64 57 209

827 178 127 58 Luc n2.d.

824 569 129 50 Eue 23. t.

92 78 565 55 Venez, venez ie vous deſchargeray

86 126 599 51 Et me chargeant ie vous ſoulaigeray

85 170 657 51 Et, ne craignez paouure petit trouppeau:

88 211 581 50 Car Dieu vous a ſeellez de ſon ſeau,

86 253 688 53 Et ſon Royaulme il vous deliure & donne.

115 300 631 51 Sont ce propoz d’vne doulce perſonne?

87 341 607 51 Sont ce propoz de lebures gracieuſes?

87 386 629 50 Hellas ouy & trop plus qu’amoureuſes.

86 430 624 48 Et ſont propoz que deuſſent auoir mis

85 472 646 49 Dedans leur cœur tes mortelz ennemis,

87 514 621 52 Lors qu’en la croix tu ne fus pareſſeux

87 560 567 47 A prier Dieu ton Pere pour iceulx:

88 606 625 45 Recommandant ton eſprit en ſa main.

118 644 636 53 Par quoy n’ont pas parlé de toy en vain

84 689 696 53 Ceulx qui iadis te nommerent: l’Aigneau,

88 731 542 51 Qui ſans crier endure le couſteau.

124 777 591 50 Qu’on oye encor de tes parolles viues

88 817 631 53 Tant bien à poinct & tant conſolatiues:

86 862 613 51 Ie ſuis venu(dis tu) non pas pour faire

86 906 588 45 Ma volunté, mais celle de mon Pere.

87 950 593 49 Ie ſuis venu pour faire des peſcleurs

89 994 710 51 Peſcleurs de gens pour peſcher les pecheurs.

86 1036 546 45 Ie ſuis venu pour tirer les iniuſtes

85 1080 675 49 A repentance, & non point pour les iuſtes.

86 1122 585 50 Ie ſuis venu pour tirer hors d’eſmoy

86 1167 696 51 Et pour ſauluer ceulx qui croiront en moy.

86 1211 620 44 Ie ſuis venu, non pour perdre les ames:

87 1252 644 56 Ains les ſauluer des eternelles flammes.

823 695 94 43 1ſa 65.

827 726 88 48 1eh. 1.

828 881 104 53 Ieh.5.f.

825 1031 124 36 Mat.4. e.

827 1061 106 60 Lac 5.t.

577 1300 113 46 6 2
