1046 1522
801 68 62 46 203

209 67 493 53 RESIOVYSSANCE.

96 114 672 56 Ains en iouant chante & tien ta memoire

93 159 744 59 Dreſſée au Ciel chantant chantz & Cãticques

97 205 740 58 Telz que Dauid (non les chanſons lubricques

94 251 595 52 Pleines d’ordure & de folles amours)

93 293 630 53 Et te ſouuienne & penſe tous les iours:

96 337 626 57 Que le goſier & bouche parle & chante

93 380 653 53 Le bien ou mal que le cœur luy preſente.

93 426 606 53 Aduiſe donq de chanter proprement.

125 469 626 55 Ie n’eſcripray de moy rien aultrement,

91 509 614 57 Sinon que Dieu m’a faict telle largeſſe

91 552 615 55 De ſa bonté, qu’ay miſe à bas la Meſſe.

90 596 632 56 En delaiſſant tous mes biens paternelz

93 641 575 54 Pour (par Ieſus) iouyr des eternelz.

92 684 522 55 Et n’ay regret à aulcun benefice

95 727 578 55 Qu'euſſe iadis en ce mauldict office,

91 771 607 56 Auquel i'ay tant commis d’iniquitez.

122 815 475 51 Or à celuy qui nous a viſitez

93 857 607 53 Par ſon Eſprit & mis hors de la fange:

89 903 606 52 Soit à jamais toute gloire & louange,

93 946 674 52 Tant que les cieulx, la terre & les abyſmes

93 987 634 54 Viennent louer ſes ouurages ſublimes.

119 1033 515 52 Salue ceulx & celles que verras

91 1078 702 51 Qui ayment Dieu. Mais tant que tu pourras

92 1118 657 52 Garde toy bien des faulx freres & ſœurs,

91 1162 712 53 Et premier prouue: à ſcauoir ſ’ilz ſont ſeurs,

93 1207 664 52 Car Satan veille & ſes gens ſont en voye.

119 1248 616 52 Donné au lieu de Thierrin en Sauoye

89 1292 573 52 Par le tien frere & amy ſelon Dieu,

88 1334 667 69 A ſcauoir eſt: (ſœur) Euſtorg de Beaulieu.

839 239 128 52 Ephe.5.d

837 333 131 50 Mat.12.d.

834 652 101 66 Phil.3.

829 906 136 46 1.Ti.1.d.

832 995 137 55 Pſal.150.

827 1133 142 36 2.Co.11.f.

827 1161 138 54 1 Ieh.4 a.
