986 1504
41 103 747 61 Et vouldrois fort ſcauoir d’aulcuns preudhões

48 152 711 56 Quel eſt leur ordre en ce tẽps ou nous ſõmes.

40 196 615 54 Car comme gens clerez & de ſaincteté

37 239 516 55 Sont reputez, & pieça l’ont eſté.

37 281 648 58 Mais pour ſuyuir temporelles traffiques

36 328 595 53 Negocieux ilz ſont comme layques.

34 370 661 55 Et quant au faict des paouures de la terre

35 414 721 53 Moins ſont piteux qu’auenturiers de guerre.

36 454 740 58 Touchant l’habit, leurs hõneurs bien gardées,

33 498 629 54 Habillez ſont comme femmes fardées.

34 542 570 56 Concluſion, ie vous diray que c’eſt:

31 584 711 55 Non comme clerez viuent, ainſi qu’on ſcait.

30 629 666 56 Et tant leur plaict l’aiſe dans leurs Palais,

41 673 624 52 Qu’à labourer ne ſont comme les laicz.

28 717 602 52 Et ſi ne vont en guerres ny allarmes:

26 756 741 58 Ains ſont dormãs quãd veillẽt les gẽſdarmes.

25 802 672 52 Et, qui plus eſt: ces crocheteurs de croſſes!

25 844 728 55 N’enfantẽt point comme les femmes groſſes.

26 888 655 54 Par quoy ie dy, à leur cas bien reſouldre,

28 931 739 54 Que telz Prelatz ne ſont plus d’aulcun ordre.

24 977 731 56 Doncques voyãt que d’ordre auleun ne ſont,

25 1018 630 54 Ie vous demande: ou eſt ce qu’ilz iront?

26 1060 624 55 C’eſt en Enfer ou toute horreur habite,

24 1106 589 59 Au quel n’y a ny ordre ne conduicte.

137 56 496 50 RESIOVYSSANCE

745 64 58 50 177

523 1196 90 49 m 2
