974 1504
155 35 73 49 224

321 33 461 49 CHRESTIENNE.

174 81 751 54 aymé filz Ieſus, Toute perſonne qui donnera

176 129 752 48 ayde, conſeil & faueur a deſtruire & abolir tout

189 167 733 58 vn tas de cõfrairies, & a abatre tous les autelz,

186 220 739 48 enſemble toutes les ymages & ydoles que les

184 259 745 51 faulx prophetes, hypocrites & abuſeurs ont pie

180 302 749 53 ca erigées. & ce au grãd preiudice & detriment

178 347 747 47 de l'honneur & reuerence deue a iceluy Ieſus,

179 389 748 49 & du ſalut de ſes ſubiectz. Et qui a icelles n’of¬

177 434 750 49 frira ne permettra offrir dorſenauant: pain.

178 477 750 50 vin, chair, cire, ne quelconque aultre ſubſtan¬

177 521 753 48 ce. Pareillement qui ne ſ’enclinera plus deuant

177 562 752 49 icelles, & ne les baiſera, ne auſſi aulcuns os.

179 604 754 54 boys n’aultre choſe qui ſoit appellée vulgaire

179 651 752 49 ment Relique, Ains en lieu de cela pluſtoſt bai

184 690 748 54 ſera, honnorera & adorera en eſprit & verité

178 737 755 50 iceluy Roy Ieſus noſtre filz, & pour ſon a¬

178 781 755 44 mour & en ſon nom: donnera le temps à venir

177 823 756 50 Ieſdictes offrandes & aultres penſions & pre¬

178 865 758 52 bendes, iadis accouſtumées de bailler pour les

178 909 758 48 fondations des meſſes & anniuerſaires: (dont

179 955 756 47 ceulx qui ſeruent à leur ventre ſe nourriſſent)

180 998 754 50 aux hoſpitaulx, pour la manutention & ſub¬

178 1041 755 53 ſtentation des paouures eſtrangers, veufues, or

182 1083 755 53 phelins, malades & aultres gens ſouffreteux:

177 1126 758 52 aura pleniere remiſſion de tous & chaſcuns

183 1169 689 65 cas, ainſi qu’en l’an de noſtre grand Iubilé.

854 1209 68 67 Re¬

46 166 128 63 1.Cor.8.a

53 225 81 35 b.c.d.

48 252 113 42 2.Ro.23

47 280 122 64 Exo.20.c

46 674 118 101 Ieh.4.c.

47 971 127 60 Ro.16.d.

47 1069 133 59 Ma.25.cd

46 1170 101 70 Deu.25.
