1018 1556
775 100 57 49 219

179 82 454 54 RESIOVYSSANCE.

68 127 748 70 contenus en iceluy, ſans decliner a dextre n’a

69 183 743 56 ſeneſtre: reiettant arriere deulx toutes loix hu¬

67 228 745 55 maines, touchant le regime des ames, voire:

70 271 743 59 quelque apparence de ſaincteté quelles ayent,

67 318 737 52 tant par miracles, qu’aultrement. Car nous a¬

64 355 738 59 uons tout cella en abomination: encore que

67 400 741 63 noz pluſprochains ſeruiteurs & miniſtres ſ’en

66 444 202 51 meſlaſſent.

64 529 711 84 Permiſſion de preſcher par tout.

104 668 698 59 Item, toute perſonne qui preſchera & admõ

57 707 748 63 neſtera le peuple: de viure ſelon la ſeulle forme

57 752 749 60 & teneur de noz traditions & ordonnances ſuſ

52 794 750 65 dictes, contenues au dict liure, ſans alleguer aul

52 841 747 59 cuns aultres autheurs, ſinon ceulx qui par no¬

52 882 747 61 ſtre commandement & volunté ont iceluy ia¬

50 924 750 64 dis fidellement eſcript & mis au net: pourra en

52 970 749 60 vertu & vigueur de ces preſentes licitement &

48 1010 752 64 ſans contradiction aller preſcher par tout le

47 1053 754 65 monde vniuerſel: ceſt noſtre grãde Croiſade, &

47 1095 746 66 pareillement auſſi le ſainct Euangile de noſtre

44 1141 753 64 ſuſdict filz Ieſus. Deffendant a toutes perſõnes

46 1185 751 67 de quelque eſtat & condition que ſoyent: de

44 1231 751 62 ne les empecher en ceſt affaire, & ce ſur peine

42 1273 755 64 d’encourir noſtre indignation, & de payer pour

44 1317 754 84 eulx au iour de noz grander aſſiſes. Voire par

820 134 120 60 Deu.5.d.

823 180 97 52 Ioſu.1.

819 312 123 45 Mat.24.b

818 364 120 69 Gal.1.a b

810 1096 123 64 Marc.16.d

805 1233 128 61 Marc.9.f
