1030 1506
177 33 50 76 36

322 46 462 57 CHRESTIENNE

193 584 97 128 Q

190 102 568 54 Et tous noz ſens endormis exciter

189 144 722 61 A le louer à voix haulte & commune. 2.

192 230 701 62 Aultre que luy (maulgré qui qu’y repugne)

192 281 553 49 N’a merité des Enfers nous ietter.

197 318 644 59 Et Dieu ne veult merite aultre accepter,

194 366 750 60 Pour ce eſt bien fol qui au contraire pugne. 2.

297 449 527 56 La 46. Chanſon, ſur le chant, de:

210 496 699 62 Quand i'ay penſé en uous ma bien aymée, &c.

286 583 591 57 Vand i'ay penſé en vous Bible ſacrée

292 627 510 53 Liure ne voy de telle authorité,

334 670 593 67 Ne qu’en liſãt à mon cœur tãt agrée:

191 718 449 52 Car il n’y a que pure verité.

188 763 516 51 Mais pour vous lire apertement

188 803 475 53 I’ay recompenſé de torment,

189 845 514 56 Touteſfois, quand à Dieu plaira

187 891 463 59 Publiquement on vous lira.

185 973 602 58 Les ſeducteurs qui vous ont delaiſſée

188 1017 554 61 Pour eſtablir leurs loix d’iniquité:

180 1065 614 57 Ne vous ont pas ſeullement offencée,

181 1109 646 60 Ains voſtre autheur regnant en trinité.

179 1152 499 56 Lequel les voyant pleinement

181 1196 514 57 Vous auoir en contempnement

181 1235 388 55 Vous a miſe ſus, & fera,

176 1280 483 74 Et tous leurs conſeilz deffera.

866 1338 56 59 La

55 293 130 111 Eph.2.a.b

60 587 120 46 Ieh.5.g.

53 621 129 48 2.Tim.3 d

53 678 134 65 Rom.15.b

42 1020 133 63 Marc 7.a

48 1063 54 48 b.c.

44 1294 124 64 Pſal.33 c.
