1072 1548
123 116 310 52 Ne ſont conſtraintz

121 160 271 52 Ne durs ne fortz,

118 202 621 58 Dont n’ay en moy 2.

117 248 264 53 Dueil ny eſmoy,

117 292 311 54 Mais tous confortz.

182 375 514 55 La 5 5. Chanſon, ſur le chant, de:

154 419 608 60 Le coeur eſt bon & le uouloir auſſi, &c.

174 500 540 50 E cœur eſt bon & le vouloir auſsi:

172 545 591 50 Mais la chair crainctchellas) la tuerie,

97 589 562 49 Au fort aller, maulgré la moynerie

96 631 720 53 Ie mettray bas mon fainct habit noircy. 2.

92 700 574 57 Car Ieſus dict: qu’il ne fault là n’icy

89 747 731 56 Craindre ceulx qui des corps font boucherie,

84 794 651 53 Ains Dieu: qui peult à l’ame oſter la vie:

82 835 747 56 Enſemble au corps(en Enfer)ſans mercy. 2

81 908 652 56 Plus ne vueil donc me charger de ſoucy

75 955 661 52 Si les meurtriers font ſur moy villainie,

73 999 649 52 Ou ſiapres moy, Moyne apoſtat on crie:

73 1044 751 56 Veu qu’on feit bien à Chriſt pis que cecy. 2.

167 1124 537 49 La 56. Chanſon, ſur le chant, de:

105 1172 669 55 Le coeur de uous ma preſence deſire, &c.

138 1254 679 54 E ſainct Eſprit mon paouure cœur deſire,

138 1302 692 61 Mais pour l’auoir fault qu’à Dieu ſe retire,

210 60 488 57 RESIOVYSSANCE.

90 488 82 110 L

818 67 36 47 43

839 119 132 46 Mat. 11.d.

838 526 135 49 Mare ra a

838 563 132 50 Mat.16.8

839 722 129 45 Mat 1o. d.

34 1318 111 86 L

837 1030 127 66 Ieh.Se.?

830 1087 131 71 [neMj e¬

831 1136 45 61 68
