<?xml version="1.0" encoding="UTF-8"?>
<alto xmlns:xsi="http://www.w3.org/2001/XMLSchema-instance"
      xmlns="http://www.loc.gov/standards/alto/ns-v4#"
      xsi:schemaLocation="http://www.loc.gov/standards/alto/ns-v4# http://www.loc.gov/standards/alto/v4/alto-4-2.xsd">
  <Description>
    <MeasurementUnit>pixel</MeasurementUnit>
    <sourceImageInformation>
      <fileName>Chrestienne_resiovyssance_onb_109B2E78.pdf_page_56.png</fileName>
      <fileIdentifier>pdf//Chrestienne_resiovyssance_onb_109B2E78.pdf</fileIdentifier>
    </sourceImageInformation>
  </Description>
  
  <Tags>
    <OtherTag ID="BT10909" LABEL="TitlePageZone" DESCRIPTION="block type TitlePageZone"/><OtherTag ID="BT10908" LABEL="StampZone" DESCRIPTION="block type StampZone"/><OtherTag ID="BT10907" LABEL="RunningTitleZone" DESCRIPTION="block type RunningTitleZone"/><OtherTag ID="BT10906" LABEL="QuireMarksZone" DESCRIPTION="block type QuireMarksZone"/><OtherTag ID="BT10905" LABEL="NumberingZone" DESCRIPTION="block type NumberingZone"/><OtherTag ID="BT10904" LABEL="MarginTextZone:handwrittenAddition" DESCRIPTION="block type MarginTextZone:handwrittenAddition"/><OtherTag ID="BT10903" LABEL="MarginTextZone" DESCRIPTION="block type MarginTextZone"/><OtherTag ID="BT10902" LABEL="MainZone" DESCRIPTION="block type MainZone"/><OtherTag ID="BT10901" LABEL="GraphicZone" DESCRIPTION="block type GraphicZone"/><OtherTag ID="BT10900" LABEL="DropCapitalZone" DESCRIPTION="block type DropCapitalZone"/><OtherTag ID="BT10899" LABEL="DamageZone" DESCRIPTION="block type DamageZone"/>
    <OtherTag ID="LT4283" LABEL="HeadingLine" DESCRIPTION="line type HeadingLine"/><OtherTag ID="LT4282" LABEL="DropCapitalLine" DESCRIPTION="line type DropCapitalLine"/><OtherTag ID="LT4281" LABEL="DefaultLine" DESCRIPTION="line type DefaultLine"/>
  </Tags>
  
  <Layout>
    <Page WIDTH="1024"
          HEIGHT="1512"
          PHYSICAL_IMG_NR="50"
          ID="eSc_dummypage_">
      <PrintSpace HPOS="0"
                  VPOS="0"
                  WIDTH="1024"
                  HEIGHT="1512">
        
        <TextBlock HPOS="801"
                   VPOS="78"
                   WIDTH="60"
                   HEIGHT="40"
                   ID="eSc_textblock_0c2041ea"
                   TAGREFS="BT10905">
          <Shape><Polygon POINTS="801 78 801 116 861 118 858 78"/></Shape>
          
          
          <TextLine ID="eSc_line_5b9519d8"
                    TAGREFS="LT4281"
                    BASELINE="814 107 846 105" 
                    HPOS="812"
                    VPOS="73"
                    WIDTH="34"
                    HEIGHT="46">
            <Shape><Polygon POINTS="836 74 833 73 812 79 814 107 815 119 846 119 846 105 841 74 836 74"/></Shape>
	    <String CONTENT="35"
                    HPOS="812"
                    VPOS="73"
                    WIDTH="34"
                    HEIGHT="46"
                    WC="0.998889297246933"></String>
          </TextLine>

          
        </TextBlock>
        
        <TextBlock HPOS="176"
                   VPOS="70"
                   WIDTH="532"
                   HEIGHT="45"
                   ID="eSc_textblock_43acfb78"
                   TAGREFS="BT10907">
          <Shape><Polygon POINTS="176 70 176 115 708 115 708 70"/></Shape>
          
          
          <TextLine ID="eSc_line_36da90f6"
                    TAGREFS="LT4283"
                    BASELINE="183 99 697 101" 
                    HPOS="182"
                    VPOS="64"
                    WIDTH="515"
                    HEIGHT="51">
            <Shape><Polygon POINTS="677 72 669 72 661 72 653 71 650 73 648 73 647 73 643 71 635 71 627 71 619 71 610 71 607 70 606 71 601 70 593 70 585 70 577 70 569 70 568 71 566 73 558 71 553 69 551 69 543 69 535 69 532 69 526 70 514 72 512 70 510 68 509 68 503 68 502 69 497 73 462 73 450 68 446 68 442 68 434 68 429 68 427 68 417 72 402 68 398 67 392 67 388 67 385 68 368 72 363 68 362 66 358 66 353 66 348 67 330 71 325 67 323 65 322 65 321 65 320 65 315 67 304 70 287 66 283 65 282 65 281 65 278 66 254 72 231 65 230 65 229 65 206 72 183 64 183 99 182 112 254 114 255 114 256 114 257 114 257 113 262 109 271 113 273 114 274 114 275 114 276 114 278 113 292 107 309 112 310 112 373 107 392 113 393 113 394 113 395 113 405 107 429 107 438 113 439 113 440 113 441 113 442 113 451 108 489 108 498 114 498 115 499 115 500 115 501 115 551 115 552 115 559 109 567 115 568 115 569 115 570 115 598 115 599 115 600 115 615 108 627 113 628 113 629 113 651 110 695 115 697 101 696 73 687 72 686 72"/></Shape>
	    <String CONTENT="RESIOVYSSANCE."
                    HPOS="182"
                    VPOS="64"
                    WIDTH="515"
                    HEIGHT="51"
                    WC="0.994944359574999"></String>
          </TextLine>

          
        </TextBlock>
        
        <TextBlock HPOS="65"
                   VPOS="120"
                   WIDTH="764"
                   HEIGHT="1238"
                   ID="eSc_textblock_0bf55d49"
                   TAGREFS="BT10902">
          <Shape><Polygon POINTS="77 120 65 1358 829 1358 829 128"/></Shape>
          
          
          <TextLine ID="eSc_line_a638357d"
                    TAGREFS="LT4281"
                    BASELINE="90 154 672 152" 
                    HPOS="89"
                    VPOS="116"
                    WIDTH="583"
                    HEIGHT="54">
            <Shape><Polygon POINTS="89 121 90 154 90 166 141 164 144 166 149 169 150 169 151 169 152 170 178 170 178 169 178 169 179 169 183 165 185 164 251 164 252 165 258 169 259 169 260 169 261 170 283 170 283 169 310 164 316 163 327 164 374 168 375 168 376 168 389 163 390 163 393 163 435 168 435 168 493 162 497 162 509 168 509 168 510 168 552 168 552 168 553 168 554 168 561 162 599 162 611 168 612 168 613 168 614 168 629 162 661 168 661 168 662 168 663 168 672 162 672 152 672 122 653 116 652 116 651 116 620 121 615 123 575 123 573 121 566 116 565 116 564 116 563 116 562 116 550 121 548 121 510 118 509 118 481 121 466 123 461 121 450 117 449 117 426 117 425 117 425 117 424 117 424 118 420 121 417 123 409 121 391 117 390 117 389 117 388 117 384 121 382 123 372 121 355 117 301 117 300 117 299 117 289 120 282 123 273 120 263 118 262 118 262 118 237 120 207 124 96 120 89 121"/></Shape>
	    <String CONTENT="Nany nany, ains pluſtoſt reprouuée:"
                    HPOS="89"
                    VPOS="116"
                    WIDTH="583"
                    HEIGHT="54"
                    WC="0.987610358330939"></String>
          </TextLine>

          
          
          <TextLine ID="eSc_line_1476f902"
                    TAGREFS="LT4281"
                    BASELINE="90 198 804 201" 
                    HPOS="88"
                    VPOS="158"
                    WIDTH="715"
                    HEIGHT="57">
            <Shape><Polygon POINTS="89 197 88 211 800 215 803 200 800 160 760 171 622 171 582 162 581 162 580 162 578 162 559 167 553 162 551 160 549 160 548 160 547 160 546 160 538 162 527 167 519 162 515 160 514 160 513 160 446 158 310 158 308 158 307 158 306 158 298 165 293 168 279 166 256 161 254 161 253 161 232 166 223 168 219 166 213 161 213 160 211 160 210 160 184 158 182 158 181 158 180 158 180 160 172 167 89 167 89 197"/></Shape>
	    <String CONTENT="Ayant trahy Chriſt ſon fidelle amy. 2."
                    HPOS="88"
                    VPOS="158"
                    WIDTH="715"
                    HEIGHT="57"
                    WC="0.997735543830975"></String>
          </TextLine>

          
          
          <TextLine ID="eSc_line_30fcd0a5"
                    TAGREFS="LT4281"
                    BASELINE="89 285 642 285" 
                    HPOS="89"
                    VPOS="243"
                    WIDTH="553"
                    HEIGHT="56">
            <Shape><Polygon POINTS="89 285 89 293 113 299 114 299 141 294 173 299 173 299 174 299 192 294 196 294 316 294 319 295 325 299 326 299 327 299 420 297 554 294 564 298 565 298 566 298 567 298 582 294 641 299 642 285 642 254 593 254 592 253 581 246 580 246 579 246 578 246 577 246 577 246 567 252 566 254 551 254 550 252 529 243 528 243 527 243 526 243 506 248 485 243 484 243 483 243 483 243 460 252 455 253 441 252 415 247 414 247 388 251 379 252 377 251 367 243 367 243 366 243 328 243 327 243 326 243 315 249 309 245 308 245 307 245 306 245 305 245 296 250 290 252 276 249 246 243 222 243 221 243 220 243 208 248 204 250 200 248 187 243 186 243 185 243 184 243 168 248 164 249 157 248 131 243 130 243 129 243 128 243 128 244 124 247 118 253 109 247 102 243 101 243 100 243 99 243 99 243 89 246 89 285"/></Shape>
	    <String CONTENT="Iniquité tout homme a endormy,"
                    HPOS="89"
                    VPOS="243"
                    WIDTH="553"
                    HEIGHT="56"
                    WC="0.986576520627545"></String>
          </TextLine>

          
          
          <TextLine ID="eSc_line_740a1d01"
                    TAGREFS="LT4281"
                    BASELINE="89 327 698 330" 
                    HPOS="89"
                    VPOS="292"
                    WIDTH="609"
                    HEIGHT="51">
            <Shape><Polygon POINTS="89 327 89 335 141 336 151 341 152 341 152 341 153 342 194 342 194 341 194 341 207 336 215 341 216 341 217 341 218 341 219 341 227 338 293 342 294 342 294 342 313 337 394 337 398 337 404 342 405 342 406 342 407 342 506 338 536 343 537 343 538 343 554 339 588 342 589 342 632 338 635 338 636 338 641 343 642 343 643 343 644 343 698 338 698 330 698 303 679 303 679 302 668 294 667 294 666 294 666 294 665 294 635 302 633 303 606 303 604 301 600 297 599 297 598 297 598 297 597 297 587 301 584 302 580 301 559 295 558 295 557 295 556 295 545 300 542 302 539 300 524 294 523 294 522 294 498 297 494 294 494 293 493 293 493 293 492 293 491 293 475 298 458 293 457 293 382 293 381 293 380 293 367 299 367 299 365 299 347 293 346 293 346 293 345 293 344 293 338 298 336 299 334 298 328 293 327 293 326 293 325 293 289 294 288 294 282 297 276 300 236 297 209 294 208 294 207 294 203 296 194 301 134 301 121 295 113 292 112 292 111 292 89 294 89 327"/></Shape>
	    <String CONTENT="Voire en peché naiſt de plaine arriuée."
                    HPOS="89"
                    VPOS="292"
                    WIDTH="609"
                    HEIGHT="51"
                    WC="0.997629219438972"></String>
          </TextLine>

          
          
          <TextLine ID="eSc_line_1ed7b1d1"
                    TAGREFS="LT4281"
                    BASELINE="84 372 579 370" 
                    HPOS="84"
                    VPOS="336"
                    WIDTH="495"
                    HEIGHT="47">
            <Shape><Polygon POINTS="84 372 84 383 579 382 579 370 577 344 561 344 560 343 551 336 550 336 549 336 548 336 547 336 532 343 530 344 521 342 498 339 498 339 479 342 467 344 453 341 418 336 417 336 416 336 415 336 415 336 410 341 407 345 369 345 363 341 357 336 357 336 356 336 330 336 330 336 329 336 317 340 309 342 287 339 267 336 266 336 255 339 226 346 195 346 174 337 171 336 170 336 146 336 145 336 144 336 142 337 130 344 115 337 114 337 84 336 84 372"/></Shape>
	    <String CONTENT="Et ſa nature eſt ſi treſdeprauée"
                    HPOS="84"
                    VPOS="336"
                    WIDTH="495"
                    HEIGHT="47"
                    WC="0.995486725460399"></String>
          </TextLine>

          
          
          <TextLine ID="eSc_line_1ef3c52a"
                    TAGREFS="LT4281"
                    BASELINE="88 415 823 420" 
                    HPOS="85"
                    VPOS="375"
                    WIDTH="737"
                    HEIGHT="67">
            <Shape><Polygon POINTS="87 414 85 427 118 438 119 438 121 439 167 439 167 438 168 438 170 438 182 429 189 425 228 425 240 430 268 439 269 439 271 441 314 441 314 439 315 439 329 432 340 427 369 427 380 433 389 439 390 439 392 439 393 439 394 439 411 434 422 430 435 434 446 438 447 438 448 438 450 438 451 438 455 434 464 428 504 435 512 437 513 437 514 437 517 435 538 428 562 437 572 441 573 441 575 441 597 438 624 434 640 439 646 441 648 441 649 441 650 441 654 439 674 429 773 429 788 441 789 441 790 441 819 442 822 419 818 379 786 390 631 390 605 379 601 378 600 378 599 378 588 379 543 388 518 379 514 378 513 378 488 378 486 378 485 378 484 378 482 379 469 388 422 381 421 381 419 381 398 388 366 379 355 376 354 376 353 376 351 376 343 379 329 384 298 379 269 375 268 375 267 375 253 379 235 385 226 379 221 375 220 375 219 375 218 375 142 376 141 376 133 380 123 384 118 380 113 375 112 375 110 375 109 375 87 379 87 414"/></Shape>
	    <String CONTENT="Qu&#x27;à faire bien n’a pouuoir ne demy. 2."
                    HPOS="85"
                    VPOS="375"
                    WIDTH="737"
                    HEIGHT="67"
                    WC="0.986295292010674"></String>
          </TextLine>

          
          
          <TextLine ID="eSc_line_16587935"
                    TAGREFS="LT4281"
                    BASELINE="84 503 637 505 698 509" 
                    HPOS="84"
                    VPOS="466"
                    WIDTH="614"
                    HEIGHT="53">
            <Shape><Polygon POINTS="84 503 84 518 116 511 204 511 219 516 220 516 220 516 247 512 257 518 257 519 257 519 258 519 259 519 303 519 303 519 304 519 305 518 316 512 327 518 328 518 378 519 378 519 392 518 426 514 468 518 485 519 486 519 487 519 491 518 508 513 696 518 698 509 697 472 671 476 663 472 657 469 656 469 656 469 655 469 645 472 636 476 631 472 625 468 624 468 624 468 577 468 576 468 575 468 574 468 569 472 565 476 477 476 472 472 459 468 458 468 457 468 456 468 440 473 432 475 429 473 422 468 421 468 420 468 420 468 419 468 406 473 401 476 377 476 372 473 354 467 353 467 352 467 301 473 294 474 292 473 281 467 280 467 279 467 278 467 239 473 236 474 235 473 226 467 225 467 225 467 224 467 223 467 210 473 189 466 189 466 98 466 97 466 96 466 95 466 84 472 84 503"/></Shape>
	    <String CONTENT="A ſe ſauluer peult tant qu&#x27;vne formy,"
                    HPOS="84"
                    VPOS="466"
                    WIDTH="614"
                    HEIGHT="53"
                    WC="0.989707444165204"></String>
          </TextLine>

          
          
          <TextLine ID="eSc_line_0996dd8b"
                    TAGREFS="LT4281"
                    BASELINE="87 546 648 547" 
                    HPOS="86"
                    VPOS="511"
                    WIDTH="562"
                    HEIGHT="53">
            <Shape><Polygon POINTS="87 546 86 556 105 562 106 562 107 562 108 562 123 556 124 556 125 556 135 561 136 561 136 561 167 556 170 556 173 556 197 561 198 561 260 556 267 556 271 556 306 562 307 562 378 556 386 562 386 563 387 563 388 563 388 563 427 558 503 563 504 563 504 563 505 563 512 558 518 563 519 563 519 563 520 564 572 564 572 563 573 563 587 556 647 556 648 547 647 524 629 524 629 523 618 514 618 513 617 513 616 513 592 513 591 513 590 513 577 519 565 513 564 513 563 513 562 513 547 521 543 524 530 524 525 520 509 513 509 513 508 513 507 513 506 513 497 520 493 524 441 524 435 519 431 515 431 514 430 514 430 514 394 513 393 513 393 513 382 517 367 523 270 523 240 514 231 512 230 512 229 512 220 514 194 519 183 513 183 512 182 512 181 512 130 512 129 512 128 512 127 512 121 516 87 511 87 546"/></Shape>
	    <String CONTENT="Si le ſeul Dieu par ſa bonté priuée"
                    HPOS="86"
                    VPOS="511"
                    WIDTH="562"
                    HEIGHT="53"
                    WC="0.995074877867828"></String>
          </TextLine>

          
          
          <TextLine ID="eSc_line_04f5dd63"
                    TAGREFS="LT4281"
                    BASELINE="82 588 752 592" 
                    HPOS="81"
                    VPOS="555"
                    WIDTH="671"
                    HEIGHT="51">
            <Shape><Polygon POINTS="82 588 81 599 270 603 271 603 272 603 281 600 286 599 294 600 314 603 315 603 315 603 325 601 331 599 336 601 350 604 351 604 351 604 373 601 379 600 399 601 462 604 462 604 463 604 471 601 472 600 475 601 483 605 484 605 485 605 546 602 558 601 568 602 619 606 619 606 620 606 621 606 626 602 627 602 750 602 752 592 752 565 724 558 723 558 652 563 617 566 603 562 589 560 588 560 588 560 587 560 582 562 577 566 484 566 479 561 473 556 472 556 472 556 471 556 470 556 460 561 452 565 350 565 320 559 298 556 264 556 263 556 262 556 256 558 246 562 231 558 229 557 228 557 227 557 226 557 225 558 215 561 206 557 200 555 199 555 148 555 147 555 147 555 141 556 129 562 82 556 82 588"/></Shape>
	    <String CONTENT="Ne faict en luy l&#x27;œuure bonne approuuée:"
                    HPOS="81"
                    VPOS="555"
                    WIDTH="671"
                    HEIGHT="51"
                    WC="0.996697415665882"></String>
          </TextLine>

          
          
          <TextLine ID="eSc_line_99aabe99"
                    TAGREFS="LT4281"
                    BASELINE="84 632 823 639" 
                    HPOS="83"
                    VPOS="592"
                    WIDTH="739"
                    HEIGHT="65">
            <Shape><Polygon POINTS="83 631 83 650 110 642 141 648 142 648 186 642 211 651 214 652 215 652 216 652 218 652 221 651 240 646 264 652 267 652 268 652 269 652 271 652 272 652 296 643 344 652 351 653 353 653 354 653 356 652 380 646 402 652 403 652 404 652 406 652 407 652 417 645 459 653 465 655 466 655 485 653 562 650 620 656 631 656 633 656 634 656 635 656 635 655 645 647 697 647 799 647 818 657 822 638 822 604 786 598 785 598 784 598 774 603 764 609 707 609 702 602 701 602 701 601 699 601 698 601 697 601 696 601 694 601 693 602 684 608 600 608 567 601 539 595 538 595 537 595 520 601 503 606 488 599 480 597 479 597 382 594 380 594 360 598 332 604 312 598 302 594 301 594 300 594 298 594 292 598 281 603 261 597 247 593 245 593 200 592 199 592 197 592 196 592 189 597 184 599 177 595 168 592 167 592 166 592 165 592 156 595 142 602 117 602 110 595 108 593 108 592 107 592 105 592 104 592 83 594 83 631"/></Shape>
	    <String CONTENT="Par ſon Eſprit qu’il enuoye par my. 2."
                    HPOS="83"
                    VPOS="592"
                    WIDTH="739"
                    HEIGHT="65"
                    WC="0.987063594766565"></String>
          </TextLine>

          
          
          <TextLine ID="eSc_line_35e54fc3"
                    TAGREFS="LT4283"
                    BASELINE="178 720 703 722" 
                    HPOS="177"
                    VPOS="682"
                    WIDTH="526"
                    HEIGHT="53">
            <Shape><Polygon POINTS="177 728 240 735 241 735 294 735 295 735 301 729 343 735 344 735 345 735 357 729 370 735 371 735 372 735 404 730 420 735 421 735 422 735 423 735 424 735 432 729 447 735 448 735 449 735 450 735 470 730 487 735 488 735 577 730 681 735 682 735 703 729 703 722 703 693 649 684 648 684 647 684 621 692 616 693 582 693 578 691 566 685 565 685 564 685 563 685 543 690 534 693 530 690 524 684 524 683 523 683 522 683 451 683 450 683 449 683 448 683 448 684 443 688 441 691 437 688 433 686 432 686 431 686 430 686 429 686 425 688 420 692 414 687 403 682 402 682 401 682 400 682 399 682 392 687 384 692 351 690 347 687 343 683 343 682 342 682 341 682 315 684 314 684 313 684 310 686 301 692 285 686 283 685 282 685 281 685 274 686 220 692 203 684 199 682 198 682 197 682 178 683 178 720"/></Shape>
	    <String CONTENT="La 45. Chanſon, ſur le chant, de:"
                    HPOS="177"
                    VPOS="682"
                    WIDTH="526"
                    HEIGHT="53"
                    WC="0.980525179820902"></String>
          </TextLine>

          
          
          <TextLine ID="eSc_line_735c54fa"
                    TAGREFS="LT4283"
                    BASELINE="104 766 786 769" 
                    HPOS="103"
                    VPOS="729"
                    WIDTH="683"
                    HEIGHT="62">
            <Shape><Polygon POINTS="776 743 767 740 759 737 750 735 742 732 740 731 716 732 715 732 702 739 699 740 635 740 630 737 620 731 619 731 596 731 595 731 594 731 593 731 587 736 582 740 529 740 522 735 517 732 516 732 515 732 514 732 508 735 501 739 490 735 486 734 485 734 484 734 483 734 481 735 473 739 467 735 462 730 461 730 460 730 459 730 446 735 430 740 332 740 319 732 314 729 313 729 219 729 218 729 217 729 216 729 215 730 208 736 183 737 158 729 157 729 104 729 104 766 103 777 137 780 147 788 148 788 149 788 150 789 175 789 175 788 176 788 177 788 187 782 202 788 203 788 204 788 231 784 280 788 281 788 282 788 283 788 296 778 297 778 299 778 336 782 337 782 360 779 379 789 380 789 381 789 439 784 463 787 464 787 465 787 484 779 486 779 487 779 512 787 513 787 514 787 552 780 556 779 559 780 584 790 585 790 586 791 607 791 607 790 608 790 634 780 635 780 650 780 650 781 662 790 663 790 664 790 665 790 711 781 712 781 713 781 724 785 725 785 726 785 735 781 738 780 784 781 786 769 785 745 784 745"/></Shape>
	    <String CONTENT="Si par ſouffrir on peult uaincre fortune, &amp;c."
                    HPOS="103"
                    VPOS="729"
                    WIDTH="683"
                    HEIGHT="62"
                    WC="0.97892509036594"></String>
          </TextLine>

          
          
          <TextLine ID="eSc_line_1d059b08"
                    TAGREFS="LT4281"
                    BASELINE="131 855 765 859" 
                    HPOS="130"
                    VPOS="815"
                    WIDTH="635"
                    HEIGHT="58">
            <Shape><Polygon POINTS="131 855 130 865 178 870 179 870 180 870 181 870 187 866 189 865 202 866 242 867 243 867 244 867 248 866 252 863 257 866 266 870 267 870 267 870 383 867 388 871 389 871 390 871 391 871 422 866 424 866 425 866 465 871 466 871 467 871 479 866 482 865 490 866 527 871 528 871 529 871 530 871 537 866 548 872 549 872 550 872 551 872 613 866 618 866 619 866 634 872 635 872 635 872 672 866 689 873 690 873 691 873 692 873 715 866 764 866 765 859 765 829 731 828 721 819 720 819 719 819 719 819 690 826 684 821 683 821 682 821 682 821 681 821 680 821 675 825 656 821 656 821 624 826 623 826 613 826 589 825 581 818 580 818 579 818 578 818 577 818 561 825 559 826 556 825 540 818 539 818 538 818 500 824 493 825 484 824 440 817 439 817 438 817 414 823 404 825 338 825 330 822 313 816 312 816 220 815 220 815 219 815 203 820 191 824 166 824 160 819 154 815 153 815 152 815 152 815 131 819 131 855"/></Shape>
	    <String CONTENT="I par ſouffrir grand penitence &amp; ieuſne"
                    HPOS="130"
                    VPOS="815"
                    WIDTH="635"
                    HEIGHT="58"
                    WC="0.983524953707671"></String>
          </TextLine>

          
          
          <TextLine ID="eSc_line_bff6095f"
                    TAGREFS="LT4281"
                    BASELINE="143 905 698 901" 
                    HPOS="141"
                    VPOS="861"
                    WIDTH="556"
                    HEIGHT="58">
            <Shape><Polygon POINTS="142 904 142 910 211 910 214 910 245 919 247 919 248 919 249 919 250 919 261 910 272 917 273 917 274 917 276 917 293 912 327 918 329 918 330 918 331 918 339 912 366 918 368 918 369 918 370 918 380 910 383 909 431 909 433 909 442 917 443 917 445 917 446 918 660 918 660 917 696 908 697 900 694 871 650 864 649 864 619 869 611 863 611 861 610 861 609 861 607 861 564 869 558 870 557 869 544 861 543 861 542 861 541 861 539 861 517 869 506 871 493 869 469 864 467 864 466 864 452 868 441 873 337 873 301 866 281 864 279 864 278 864 277 864 274 866 263 873 141 865 142 904"/></Shape>
	    <String CONTENT="Le Pape dict qu’on vient à meriter:"
                    HPOS="141"
                    VPOS="861"
                    WIDTH="556"
                    HEIGHT="58"
                    WC="0.988836846417851"></String>
          </TextLine>

          
          
          <TextLine ID="eSc_line_cdc72b2a"
                    TAGREFS="LT4281"
                    BASELINE="79 943 768 943" 
                    HPOS="79"
                    VPOS="909"
                    WIDTH="689"
                    HEIGHT="47">
            <Shape><Polygon POINTS="79 943 79 956 768 956 768 943 768 917 740 917 740 916 723 909 722 909 697 909 696 909 695 909 682 916 681 916 669 916 594 911 593 911 567 914 562 915 561 914 554 909 553 909 552 909 551 909 530 914 529 914 528 914 513 909 512 909 435 909 434 909 433 909 419 913 409 917 359 917 351 913 342 909 341 909 341 909 340 909 339 909 335 913 330 916 247 912 188 909 187 909 186 909 185 909 183 912 179 914 122 916 116 912 115 912 115 912 114 912 113 912 112 912 105 916 79 911 79 943"/></Shape>
	    <String CONTENT="Nous debuons donc bien ſouuent mediter"
                    HPOS="79"
                    VPOS="909"
                    WIDTH="689"
                    HEIGHT="47"
                    WC="0.986387753172925"></String>
          </TextLine>

          
          
          <TextLine ID="eSc_line_3dce0aa4"
                    TAGREFS="LT4281"
                    BASELINE="79 986 831 987" 
                    HPOS="78"
                    VPOS="952"
                    WIDTH="753"
                    HEIGHT="51">
            <Shape><Polygon POINTS="79 986 78 998 88 1002 89 1002 89 1002 111 997 116 997 126 997 168 1002 169 1002 170 1002 179 997 183 996 223 997 288 1000 288 1000 311 997 323 996 325 997 336 1002 336 1002 337 1002 383 997 399 1002 399 1002 541 1003 542 1003 543 1003 560 997 561 997 562 997 588 1001 589 1001 617 997 619 997 627 1002 628 1002 629 1002 630 1002 673 997 674 997 675 997 690 1002 691 1002 755 1003 756 1003 756 1003 757 1003 766 997 782 1001 783 1001 784 1001 830 996 831 987 830 960 762 954 761 954 761 954 743 959 733 962 726 959 717 955 716 955 715 955 714 955 701 959 690 962 685 959 678 954 677 954 677 954 664 954 663 954 662 954 661 954 656 958 650 962 591 962 582 957 577 954 577 954 576 954 575 954 574 954 566 957 554 962 418 962 409 957 408 957 407 957 357 961 332 955 326 953 325 953 325 953 309 955 281 957 246 954 237 953 236 953 233 954 209 959 184 953 183 953 182 953 181 953 168 959 150 953 149 953 148 953 147 953 131 961 107 953 106 953 79 952 79 986"/></Shape>
	    <String CONTENT="En Ieſus Chriſt, mort pour noſtre infortune. 2."
                    HPOS="78"
                    VPOS="952"
                    WIDTH="753"
                    HEIGHT="51"
                    WC="0.97730680781862"></String>
          </TextLine>

          
          
          <TextLine ID="eSc_line_398424ee"
                    TAGREFS="LT4281"
                    BASELINE="81 1072 769 1076" 
                    HPOS="80"
                    VPOS="1034"
                    WIDTH="689"
                    HEIGHT="57">
            <Shape><Polygon POINTS="81 1072 80 1081 144 1087 145 1087 240 1083 261 1088 262 1088 262 1088 263 1088 279 1083 297 1088 298 1088 299 1088 356 1083 387 1089 388 1089 445 1084 452 1089 453 1089 454 1089 455 1089 526 1085 609 1090 610 1090 611 1090 629 1085 646 1091 647 1091 648 1091 691 1086 758 1091 759 1091 760 1091 761 1091 768 1085 769 1076 767 1047 738 1049 734 1046 729 1042 728 1042 727 1042 726 1042 725 1042 713 1045 708 1047 702 1045 680 1039 679 1039 678 1039 677 1039 666 1044 657 1049 647 1044 640 1041 639 1041 638 1041 637 1041 627 1044 614 1048 596 1044 593 1043 592 1043 591 1043 590 1043 588 1044 577 1049 528 1049 517 1042 512 1039 511 1039 510 1039 509 1039 492 1041 484 1043 483 1041 477 1037 476 1037 475 1037 444 1037 443 1037 442 1037 441 1037 435 1040 424 1047 325 1047 314 1039 311 1036 310 1036 309 1036 249 1036 248 1036 247 1036 243 1037 211 1046 174 1046 149 1039 148 1039 147 1039 147 1039 131 1045 110 1035 109 1035 81 1034 81 1072"/></Shape>
	    <String CONTENT="Car pour ſauluer tout chaſcun &amp; chaſcune"
                    HPOS="80"
                    VPOS="1034"
                    WIDTH="689"
                    HEIGHT="57"
                    WC="0.996396808326244"></String>
          </TextLine>

          
          
          <TextLine ID="eSc_line_4d1ffd6c"
                    TAGREFS="LT4281"
                    BASELINE="82 1117 704 1121" 
                    HPOS="81"
                    VPOS="1084"
                    WIDTH="623"
                    HEIGHT="50">
            <Shape><Polygon POINTS="82 1117 81 1125 161 1131 162 1131 162 1131 163 1131 169 1127 173 1125 205 1125 213 1128 225 1132 226 1132 227 1132 228 1132 229 1132 236 1128 237 1127 254 1128 287 1131 288 1131 288 1131 294 1128 302 1126 315 1129 331 1133 332 1134 383 1134 383 1133 383 1133 384 1133 388 1130 394 1127 480 1132 508 1133 509 1133 509 1133 512 1132 524 1128 535 1133 539 1134 540 1134 540 1134 549 1133 577 1128 585 1133 587 1134 588 1134 588 1134 589 1134 596 1134 614 1129 703 1134 704 1121 704 1095 682 1086 681 1086 579 1086 578 1086 577 1086 552 1092 509 1086 508 1086 507 1086 492 1093 491 1093 478 1088 477 1088 477 1088 476 1088 458 1093 456 1093 397 1093 396 1092 387 1085 386 1085 385 1085 384 1085 342 1092 340 1092 339 1092 320 1084 319 1084 304 1084 303 1084 302 1084 301 1084 289 1092 288 1092 207 1092 204 1092 190 1086 189 1086 189 1086 145 1091 142 1091 141 1091 119 1085 118 1085 117 1085 82 1090 82 1117"/></Shape>
	    <String CONTENT="(Qui croit en luy de cœur ſans heſiter)"
                    HPOS="81"
                    VPOS="1084"
                    WIDTH="623"
                    HEIGHT="50"
                    WC="0.987876283816802"></String>
          </TextLine>

          
          
          <TextLine ID="eSc_line_41d8064a"
                    TAGREFS="LT4281"
                    BASELINE="81 1160 609 1163" 
                    HPOS="80"
                    VPOS="1127"
                    WIDTH="529"
                    HEIGHT="49">
            <Shape><Polygon POINTS="80 1170 128 1172 129 1172 130 1172 139 1170 148 1168 160 1170 178 1173 178 1173 198 1170 211 1168 225 1170 249 1174 250 1174 286 1170 299 1169 311 1170 341 1174 342 1174 343 1174 357 1170 358 1170 360 1170 372 1175 373 1175 374 1176 467 1176 467 1175 468 1175 477 1170 490 1176 491 1176 492 1176 522 1170 560 1176 561 1176 608 1170 609 1163 608 1139 455 1139 448 1135 430 1128 430 1128 429 1128 388 1134 361 1138 351 1133 340 1128 339 1128 338 1128 337 1128 323 1133 319 1134 314 1132 298 1128 297 1128 296 1128 295 1128 282 1132 264 1137 257 1131 256 1131 255 1131 254 1131 253 1131 252 1131 246 1136 237 1130 233 1128 232 1128 231 1128 212 1127 211 1127 189 1129 140 1136 130 1128 129 1128 128 1128 127 1128 126 1128 125 1128 113 1131 103 1128 101 1127 100 1127 99 1127 99 1127 98 1127 98 1128 90 1132 83 1127 81 1160 80 1170"/></Shape>
	    <String CONTENT="On ne ſcauroit les peines reciter"
                    HPOS="80"
                    VPOS="1127"
                    WIDTH="529"
                    HEIGHT="49"
                    WC="0.998885483452768"></String>
          </TextLine>

          
          
          <TextLine ID="eSc_line_49982a16"
                    TAGREFS="LT4281"
                    BASELINE="82 1202 828 1212" 
                    HPOS="81"
                    VPOS="1168"
                    WIDTH="747"
                    HEIGHT="60">
            <Shape><Polygon POINTS="82 1202 81 1223 172 1225 173 1225 173 1225 176 1224 185 1220 241 1221 241 1221 242 1221 260 1214 286 1224 294 1227 294 1227 295 1227 309 1224 334 1219 351 1224 362 1228 362 1228 363 1228 364 1228 371 1224 381 1219 393 1224 404 1228 405 1228 406 1228 407 1228 415 1224 432 1216 451 1216 468 1224 477 1228 477 1228 478 1228 479 1228 493 1224 512 1218 538 1224 540 1224 540 1224 541 1224 564 1218 640 1218 654 1224 657 1226 658 1226 659 1226 694 1224 771 1221 826 1224 828 1212 827 1186 755 1185 753 1184 740 1174 739 1174 738 1174 737 1174 736 1174 715 1183 713 1184 709 1182 690 1173 689 1173 651 1173 650 1173 649 1173 633 1181 630 1183 615 1183 612 1181 602 1173 601 1173 600 1173 572 1171 572 1171 541 1176 497 1170 496 1170 495 1170 484 1176 447 1170 446 1170 446 1170 427 1176 416 1181 393 1181 366 1179 359 1175 353 1170 352 1170 351 1170 351 1170 321 1174 306 1176 302 1173 291 1168 290 1168 275 1168 274 1168 273 1168 265 1172 257 1177 240 1173 239 1173 238 1173 237 1173 236 1173 232 1176 226 1171 221 1168 220 1168 220 1168 199 1168 198 1168 197 1168 196 1168 192 1171 183 1176 171 1170 167 1169 166 1169 165 1169 154 1170 115 1176 82 1169 82 1202"/></Shape>
	    <String CONTENT="Qu’il a ſouffert des gens pleins de rancune. 2."
                    HPOS="81"
                    VPOS="1168"
                    WIDTH="747"
                    HEIGHT="60"
                    WC="0.985173312907523"></String>
          </TextLine>

          
          
          <TextLine ID="eSc_line_6658ae45"
                    TAGREFS="LT4281"
                    BASELINE="81 1288 727 1298" 
                    HPOS="80"
                    VPOS="1251"
                    WIDTH="647"
                    HEIGHT="59">
            <Shape><Polygon POINTS="81 1288 80 1295 103 1302 104 1302 105 1302 105 1302 106 1302 112 1297 152 1302 153 1302 181 1297 184 1297 190 1297 242 1304 243 1304 316 1301 341 1300 363 1302 404 1306 405 1306 433 1303 457 1302 477 1305 497 1307 498 1307 498 1307 507 1305 511 1304 516 1306 525 1308 525 1308 526 1308 546 1306 558 1305 725 1310 727 1298 726 1268 645 1267 644 1266 634 1261 633 1261 632 1261 572 1265 569 1265 558 1258 557 1258 556 1258 556 1258 513 1262 504 1257 504 1257 503 1257 467 1257 467 1257 466 1257 465 1257 461 1261 451 1257 451 1257 450 1257 449 1257 448 1257 443 1261 436 1256 435 1256 435 1256 399 1255 398 1255 361 1261 351 1262 350 1260 341 1254 340 1254 339 1254 314 1254 313 1254 312 1254 301 1260 298 1261 254 1261 250 1259 243 1255 242 1255 241 1255 241 1255 230 1259 226 1260 225 1259 219 1253 218 1253 217 1253 216 1253 153 1256 104 1251 103 1251 81 1255 81 1288"/></Shape>
	    <String CONTENT="Teſmoings en ſont le Solleil &amp; la Lune."
                    HPOS="80"
                    VPOS="1251"
                    WIDTH="647"
                    HEIGHT="59"
                    WC="0.979702468101795"></String>
          </TextLine>

          
          
          <TextLine ID="eSc_line_7a5a7124"
                    TAGREFS="LT4281"
                    BASELINE="80 1333 726 1343" 
                    HPOS="79"
                    VPOS="1301"
                    WIDTH="647"
                    HEIGHT="65">
            <Shape><Polygon POINTS="80 1333 79 1347 96 1357 97 1357 98 1357 134 1358 135 1359 178 1359 178 1358 178 1358 203 1348 205 1347 224 1347 226 1348 242 1359 243 1359 244 1359 305 1360 306 1360 307 1360 308 1360 317 1354 352 1355 353 1355 354 1355 355 1355 361 1350 362 1349 456 1349 467 1353 510 1362 511 1362 540 1355 563 1365 564 1365 565 1365 566 1365 588 1354 593 1353 606 1353 609 1355 614 1359 615 1359 616 1359 617 1359 618 1359 625 1355 626 1355 628 1355 651 1360 651 1360 669 1358 681 1366 682 1366 682 1366 683 1366 725 1357 726 1343 726 1317 593 1315 593 1313 588 1310 588 1310 587 1310 586 1310 571 1313 565 1314 561 1312 549 1307 548 1307 547 1307 527 1312 519 1313 461 1313 454 1310 444 1306 443 1306 442 1306 421 1309 415 1310 413 1309 404 1305 403 1305 402 1305 354 1307 306 1310 299 1306 295 1303 294 1303 294 1303 259 1303 258 1303 257 1303 257 1303 255 1305 250 1308 221 1304 209 1302 208 1302 207 1302 203 1303 189 1308 172 1303 171 1303 170 1303 169 1303 168 1303 162 1307 80 1301 80 1333"/></Shape>
	    <String CONTENT="Ce qui deburoit noz durs cœurs inciter,"
                    HPOS="79"
                    VPOS="1301"
                    WIDTH="647"
                    HEIGHT="65"
                    WC="0.992413404660347"></String>
          </TextLine>

          
        </TextBlock>
        
        <TextBlock HPOS="83"
                   VPOS="828"
                   WIDTH="53"
                   HEIGHT="88"
                   ID="eSc_textblock_2dffec8c"
                   TAGREFS="BT10900">
          <Shape><Polygon POINTS="83 828 83 916 136 916 136 828"/></Shape>
          
          
          <TextLine ID="eSc_line_58fe4445"
                    TAGREFS="LT4282"
                    BASELINE="86 905 131 905" 
                    HPOS="85"
                    VPOS="810"
                    WIDTH="44"
                    HEIGHT="108">
            <Shape><Polygon POINTS="85 918 129 918 129 904 129 817 85 810 85 904"/></Shape>
	    <String CONTENT="S"
                    HPOS="85"
                    VPOS="810"
                    WIDTH="44"
                    HEIGHT="108"
                    WC="0.997182250022888"></String>
          </TextLine>

          
        </TextBlock>
        
        <TextBlock HPOS="826"
                   VPOS="273"
                   WIDTH="143"
                   HEIGHT="76"
                   ID="eSc_textblock_d3a947cd"
                   TAGREFS="BT10903">
          <Shape><Polygon POINTS="826 273 826 349 966 349 969 276"/></Shape>
          
          
          <TextLine ID="eSc_line_dc03c316"
                    TAGREFS="LT4281"
                    BASELINE="831 303 940 301" 
                    HPOS="830"
                    VPOS="275"
                    WIDTH="110"
                    HEIGHT="40">
            <Shape><Polygon POINTS="931 281 923 280 914 280 906 279 897 278 889 278 881 278 872 277 864 276 855 276 852 275 849 278 845 275 839 277 830 285 831 303 832 315 847 309 867 313 878 315 879 315 880 315 887 312 896 309 901 311 906 314 907 314 908 314 940 309 940 301 939 282 931 281"/></Shape>
	    <String CONTENT="Pſal 14."
                    HPOS="830"
                    VPOS="275"
                    WIDTH="110"
                    HEIGHT="40"
                    WC="0.988369233906269"></String>
          </TextLine>

          
          
          <TextLine ID="eSc_line_43df94c6"
                    TAGREFS="LT4281"
                    BASELINE="831 336 960 334" 
                    HPOS="830"
                    VPOS="309"
                    WIDTH="130"
                    HEIGHT="43">
            <Shape><Polygon POINTS="957 309 853 315 850 314 840 309 839 309 838 309 837 309 836 309 830 313 831 336 831 346 845 345 848 347 853 351 854 351 855 351 855 352 880 352 880 351 881 351 903 346 905 345 906 346 913 351 913 351 914 351 915 351 916 351 917 351 924 345 926 344 960 344 960 334 960 326 957 309"/></Shape>
	    <String CONTENT="Pſa.51.a.b"
                    HPOS="830"
                    VPOS="309"
                    WIDTH="130"
                    HEIGHT="43"
                    WC="0.997595500946045"></String>
          </TextLine>

          
        </TextBlock>
        
        <TextBlock HPOS="816"
                   VPOS="482"
                   WIDTH="150"
                   HEIGHT="83"
                   ID="eSc_textblock_40554bd5"
                   TAGREFS="BT10903">
          <Shape><Polygon POINTS="816 482 816 565 966 565 966 482"/></Shape>
          
          
          <TextLine ID="eSc_line_b2f02675"
                    TAGREFS="LT4281"
                    BASELINE="829 513 955 511" 
                    HPOS="828"
                    VPOS="488"
                    WIDTH="127"
                    HEIGHT="34">
            <Shape><Polygon POINTS="954 492 945 491 937 491 931 490 929 491 917 488 912 488 903 488 897 488 888 491 884 492 828 490 829 513 829 522 955 522 955 511 955 492 954 492"/></Shape>
	    <String CONTENT="Ro.9c.d."
                    HPOS="828"
                    VPOS="488"
                    WIDTH="127"
                    HEIGHT="34"
                    WC="0.895720630884171"></String>
          </TextLine>

          
          
          <TextLine ID="eSc_line_ddf06332"
                    TAGREFS="LT4281"
                    BASELINE="826 546 955 544" 
                    HPOS="825"
                    VPOS="517"
                    WIDTH="130"
                    HEIGHT="51">
            <Shape><Polygon POINTS="826 546 826 567 857 562 865 567 866 567 866 567 867 567 868 568 890 568 890 567 891 567 892 567 892 567 893 566 897 561 903 565 904 566 905 566 906 566 907 566 908 566 908 565 914 561 955 563 955 544 955 524 944 517 943 517 942 517 941 517 940 517 919 524 917 524 912 523 891 519 890 519 889 519 882 522 877 524 875 522 871 519 871 518 871 518 870 518 869 518 825 519 826 546"/></Shape>
	    <String CONTENT="Eph.2.a.b"
                    HPOS="825"
                    VPOS="517"
                    WIDTH="130"
                    HEIGHT="51"
                    WC="0.962043325106303"></String>
          </TextLine>

          
        </TextBlock>
        
        <TextBlock HPOS="823"
                   VPOS="841"
                   WIDTH="138"
                   HEIGHT="47"
                   ID="eSc_textblock_95e4f916"
                   TAGREFS="BT10903">
          <Shape><Polygon POINTS="823 841 823 881 961 888 961 841"/></Shape>
          
          
          <TextLine ID="eSc_line_0f4a6de6"
                    TAGREFS="LT4281"
                    BASELINE="823 865 954 869" 
                    HPOS="822"
                    VPOS="836"
                    WIDTH="132"
                    HEIGHT="56">
            <Shape><Polygon POINTS="949 845 936 840 933 840 924 837 913 841 882 836 882 836 881 836 868 842 823 841 823 865 822 884 863 884 871 887 875 890 876 890 876 890 877 890 882 888 892 885 952 892 954 869 953 866 949 845"/></Shape>
	    <String CONTENT="Luc18.bc"
                    HPOS="822"
                    VPOS="836"
                    WIDTH="132"
                    HEIGHT="56"
                    WC="0.947532872358958"></String>
          </TextLine>

          
        </TextBlock>
        
        <TextBlock HPOS="823"
                   VPOS="1160"
                   WIDTH="96"
                   HEIGHT="47"
                   ID="eSc_textblock_f75188e8"
                   TAGREFS="BT10903">
          <Shape><Polygon POINTS="823 1160 823 1202 919 1207 919 1160"/></Shape>
          
          
          <TextLine ID="eSc_line_d1a6521e"
                    TAGREFS="LT4281"
                    BASELINE="832 1186 913 1189" 
                    HPOS="831"
                    VPOS="1162"
                    WIDTH="82"
                    HEIGHT="45">
            <Shape><Polygon POINTS="912 1164 832 1162 832 1186 831 1197 855 1197 860 1199 870 1206 871 1206 871 1206 888 1207 889 1207 890 1207 898 1202 904 1199 910 1203 913 1189 913 1165 912 1164"/></Shape>
	    <String CONTENT="Iſa.53."
                    HPOS="831"
                    VPOS="1162"
                    WIDTH="82"
                    HEIGHT="45"
                    WC="0.998426387707392"></String>
          </TextLine>

          
        </TextBlock>
        
        <TextBlock HPOS="818"
                   VPOS="1277"
                   WIDTH="136"
                   HEIGHT="51"
                   ID="eSc_textblock_d43bdf34"
                   TAGREFS="BT10903">
          <Shape><Polygon POINTS="818 1285 818 1328 951 1328 954 1277"/></Shape>
          
          
          <TextLine ID="eSc_line_db4bf409"
                    TAGREFS="LT4281"
                    BASELINE="823 1313 944 1311" 
                    HPOS="822"
                    VPOS="1281"
                    WIDTH="122"
                    HEIGHT="52">
            <Shape><Polygon POINTS="823 1313 823 1328 834 1333 834 1333 835 1333 858 1328 866 1327 873 1328 885 1333 886 1333 887 1333 944 1331 944 1311 941 1281 822 1286 823 1313"/></Shape>
	    <String CONTENT="Luc 23.f"
                    HPOS="822"
                    VPOS="1281"
                    WIDTH="122"
                    HEIGHT="52"
                    WC="0.930406622588634"></String>
          </TextLine>

          
        </TextBlock>
        
        <TextBlock HPOS="592"
                   VPOS="1363"
                   WIDTH="83"
                   HEIGHT="40"
                   ID="eSc_textblock_9319a2d3"
                   TAGREFS="BT10906">
          <Shape><Polygon POINTS="592 1363 592 1403 675 1403 675 1365"/></Shape>
          
          
          <TextLine ID="eSc_line_4de9fad8"
                    TAGREFS="LT4281"
                    BASELINE="600 1390 602 1390 667 1390" 
                    HPOS="599"
                    VPOS="1349"
                    WIDTH="66"
                    HEIGHT="65">
            <Shape><Polygon POINTS="599 1389 599 1406 664 1414 665 1389 665 1353 599 1349 599 1389"/></Shape>
	    <String CONTENT="c 2"
                    HPOS="599"
                    VPOS="1349"
                    WIDTH="66"
                    HEIGHT="65"
                    WC="0.839672684669495"></String>
          </TextLine>

          
        </TextBlock>
        

        
      </PrintSpace>
    </Page>
  </Layout>
</alto>
