1012 1530
92 145 664 54 Des ſainctz Eſcriptz, ne foy ny eſperance

96 187 741 68 En Ieſus Chriſt pour ſa croix ſupporter. 2.

99 269 574 55 Pluſieurs ſtatutz ont oſt adiouxter

102 321 627 52 Aux purs decretz de la Diuine eſſence,

98 365 583 51 En demonſtrans leur deſobeyſſance

108 411 707 54 Que terre & ciel, ne mer: ne peult porter. 2.

108 487 623 60 C'eſt grand pitié que d’ouyr racompter

102 535 621 48 Les grandz abus ou ilz ont leur fiance:

102 578 660 52 Auxquelz ont tant plongé la conſcience

109 621 726 58 Que ſans Dieu ſeul ne ſ'en pourroit oſter. 2.

205 708 528 57 La 71. Chanſon, ſur le chant, der

134 758 697 60 C’eſt à grand tort que moy paouureté endure.

192 841 660 60 Eſt à grãd tort que maint peuple murmu

183 895 672 59 Contre Luther, pour ce qu’à ſa venue: (re

113 942 576 45 L'ydolatrie a eſté mieulx congneue

112 983 740 59 (Que par auant)de mainte creature. 2.

113 1064 651 59 Au dict Luther pluſieurs ont faict iniure

114 1116 668 51 Et l’a mauldict mainte gent incongneue,

117 1160 673 47 Mais Dieu ſa cauſe a touſiours ſouſtenue,

117 1201 718 55 Laquelle eſtoit fondée en l'Eſcripture. 2.

117 1283 526 57 S’il euſt parlé de ſoy à l'auenture

118 1334 563 70 tComme le Pape & ſa ſecte pollue?

196 88 511 53 RESIOVYSSANCE.

820 97 29 50 13

119 841 60 111 C

843 273 130 55 1ſa.186.4

849 533 109 38 Mare.

848 569 117 47 Mat.13.2

866 842 117 77 Arets d

869 1152 124 65 46.5.18

649 1374 112 59 d 4

892 1340 108 49 2. T1.4.
