1022 1494
223 48 41 44 28

336 43 464 50 CHRESTIENNE

235 87 517 57 Car à cella debuons tous aſpirer.

236 139 584 54 Louant celuy qu’à guerir ne reffuſe

240 180 623 57 Le cœur contrict qui de peche ſ’accuſe.

240 262 667 60 O donc vous Roys à qui chaſcun preſente

242 316 679 51 Tous paſſetemps pour d’ennuy vous tirer:

240 357 632 53 D’orſenauant nul de vous ne conſente

241 402 607 53 D’ouyr chanſons pour Dames attirer.

239 445 743 54 Car voſtre honneur n’en pourroit qu’empirer.

239 488 634 53 Mais eſcoutez celles qui ſont ſans ruſe

243 532 640 56 Au los de Dieu, des biens duquel on vſe.

241 620 683 52 Vous tous auſsi qui mettez voſtre entente

241 663 497 54 A compoſer & à vers meſurer:

248 703 621 55 Gardez le ſens, mais la lettre inſolente

245 748 626 53 En aultre ſens vueillez ſoubdain virer.

244 794 600 53 C’eſt à ſcauoir à Dieu ſeul honnorer,

241 837 564 54 Et à cella prouoquez voſtre Muſe.

242 880 660 57 Ou aultrement chaſcun de vous ſ’abuſe,

353 966 522 53 La 35. Chanſon, ſur le chant, de:

265 1010 680 66 I'ay trop aymé, urayment ie le confeſse, &c.

290 1098 587 56 'Ay trop chanté l'abominable meſſe,

286 1141 640 62 I'en quicte l’art, marchandiſe & meſtier.

248 1190 654 49 Or chanteray les chanſons du Pſaultier:

251 1233 714 55 Là ou Dieu faict de mon ſalut promeſſe. 2.

248 1099 34 101 I

102 179 127 66 Pſal.51.d.

107 419 122 50 Pro.31.a.

103 542 126 58 coloſſ.3.c.

103 700 128 60 Matt.5.b.

104 747 117 52 1.The.4.a.

110 775 20 44 b.

116 1220 113 49 Pſal.147.

110 1257 115 50 Pſal 132.

943 1321 47 50 Et
