982 1504
165 26 60 55 10s

322 20 440 54 CHRESTIENNR

51 260 125 79 ATLAE.

51 462 120 78 ich. MR

177 72 576 53 Pour decorer vn homime que ie ſcay

180 116 648 53 Qui m’ayme bien: car i’en ay faict l’eſſay.

181 161 617 50 Veu que la femme abuſe bien ſouuent

176 204 671 50 Des dons de Dieu ſ’on les luy met deuant.

179 248 639 51 Parquoy ie vueil m’employer ſus & ius

182 291 646 47 A blaſonner l’homme Chriſt, dict: Ieſus,

178 334 701 52 Mon aduocat vers Dieu tres ſainct & digne.

204 379 579 52 Me reputant touteſfois tres indigne

175 419 554 53 De le louer: car le monde fauldroit

180 462 548 54 A cella faire, & ſi ne comprendroit

178 507 576 51 En ſa grandeur les codes & digeſtes

179 550 619 54 Qu’on eſcriproit de luy & de ſes geſtes.

179 596 605 51 Mais, quoy que ſoit par esbat & deuis,

180 640 589 48 I’en metray cy vn peu de mon aduis.

200 681 522 50 O bon Ieſus, o mon amy fidelle:

184 713 693 60 Que ta forme eſt ſur tous les hommes belle.

179 767 677 53 Et que grand grace ont tes lebures ſacrées

177 812 647 49 Dont entre tous tu me plaictz & agrées.

182 857 585 47 Voire pour ce Dieu t’a certainement

178 899 588 49 Du tout beneict ſempiternellement.

178 940 521 51 Et ſi t’a oingt de l'huille de lieſſe

179 984 639 52 Premierement & en plus grand largeſſe

181 1031 596 48 Que tes conſortz ne furent ne ſeront

177 1072 606 50 Au grand iamais(ie le dy à mot rond)

210 1115 713 52 Et qu’il ſoit vray, que tes lebures doulcettes

176 1158 746 56 Ayẽt fort grãd grace en leurs propos hõneſtes:

175 1199 509 54 Ne dis tu pas à tous les affligez:

186 1243 584 81 Ienez à moy vous qui eſter chargezt

47 723 106 79 rial.45.

43 1234 127 83 VAR d

789 1293 131 66 Venez,
