1012 1518
388 69 211 53 TABLE.

169 97 740 85 I'ay contenté. 38

169 154 760 72 Ie ne fay rien que requerir. 39.

169 199 759 67 D'vn nouueau dard.  40.

169 247 767 65 Hellas Ieſus mon redempteur. 40.

169 289 754 60 Il me ſouffit. 41.

169 332 760 61 De mon tres triſte deſplaiſir. 42.

173 376 756 65 Le coeur eſt bon. 43.

169 421 760 59 Le ſainct eſprit. 43.

169 468 765 56 O ſainct Eſprit. 44.

174 509 750 57 Ta bonne grace. 45.

166 551 761 61 En contemplant 46.

166 594 765 61 Ie n’auois pas à bien choiſir failli. 46.

170 641 759 61 Ie ne me puis tenir. 47.

168 685 756 58 Iouyſſance vous donneray. 48.

169 728 754 62 Qui veult entrer en grace. 49.

169 771 755 56 Naurez vous pas de moy pitie? 50.

166 814 759 60 I'ay demeuré ſeule eſgarée. 50.

164 858 751 55 Fortune ne donne à nul vie.  51.

164 903 754 57 Femme qui tant ſouuent babille. 52.

164 950 759 56 Faict ou failli. 53.

165 995 753 56 C’eſt boucaner. 54.

164 1037 749 57 Ces faſcheux ſotz. 54.

164 1080 753 54 C'eſt à grand tort. 55.

160 1122 755 54 Si i'ay eu du mal ou du bien, 56.

159 1165 756 59 L'amitie fut bien commencé. 56.

159 1209 761 63 L’amour de Dieu me poingt 57.

156 1252 758 61 Amy Ieſus. 57.

158 1292 746 77 Si i'ayme Ieſus Chriſt. 58.

710 1340 81 74 Voz
