1024 1512
813 73 33 46 35

182 64 515 51 RESIOVYSSANCE.

89 116 583 54 Nany nany, ains pluſtoſt reprouuée:

89 160 734 63 Ayant trahy Chriſt ſon fidelle amy. 2.

89 243 553 56 Iniquité tout homme a endormy,

89 292 609 51 Voire en peché naiſt de plaine arriuée.

84 336 495 47 Et ſa nature eſt ſi treſdeprauée

85 376 757 66 Qu'a faire bien n’a pouuoir ne demy. 2.

84 466 614 53 A ſe ſauluer peult tant qu'vne formy,

86 511 562 53 Si le ſeul Dieu par ſa bonté priuée

81 555 671 51 Ne faict en luy l’œuure bonne approuuée:

83 593 756 64 Par ſon Eſprit qu’il enuoye par my. 2.

177 682 526 53 La 45. Chanſon, ſur le chant, de:

103 729 683 62 Si par ſouffrir on peult uaincre fortune, &c.

132 812 632 63 I par ſouffrir grand penitence & ieuſne

134 864 563 55 Le Pape dict qu’on vient à meriter:

79 909 689 47 Nous debuons donc bien ſouuent mediter

78 952 753 51 En Ieſus Chriſt, mort pour noſtre infortune. 2.

80 1034 689 57 Car pour ſauluer tout chaſcun & chaſcune

81 1084 623 50 (Qui croit en luy de cœur ſans heſiter)

80 1127 529 49 On ne ſcauroit les peines reciter

81 1168 747 60 Qu’il a ſouffert des gens pleins de rancune. 2.

80 1251 647 59 Teſmoings en ſont le Solleil & la Lune.

79 1301 647 65 Ce qui deburoit noz durs cœurs inciter,

75 827 64 90 S

588 1351 96 66 c 2

830 275 110 40 Pſal 14.

830 309 130 43 Pſa.51.a.b

828 488 127 34 Ro.9 c.d.

825 517 130 51 Eph.2.a.b

822 836 132 56 Luc 18. bc

831 1162 82 45 Iſa.53.

822 1281 122 52 Luc 23.f
