1012 1530
393 95 278 52 EPISTRE.

127 141 754 61 quoy eſt diſſolution: mais ſoyez remplis de l'eſ

128 192 751 54 perit, parlans entre vous par Pſalmes, louẽges,

120 233 758 55 & chãſons ſpirituelles, chantâs & reſonnãs en

120 280 758 52 voſtre cœur au Seigneur, rendãs touſiours gra

118 322 760 52 ces à Dieu & pere pour toutes choſes, au nom de

116 362 760 57 noſtre Seigneur Ieſus Chriſt. Ephe.5. Voy la

116 408 759 52 done la Loy Diuine, touchãt les chanſons en¬

119 452 758 54 quoy tous chreſtiẽs & chreſtiennes: ſe peuuent

119 493 756 57 reſiouyr licitement, pourueu auſſi que ce ſoit

115 536 760 54 modeſtement & ſans hullemens, cris, ris, n’aul

117 580 758 54 tres geſtes diſſolues. Car Dieu veult qu’on chã

120 623 755 54 te ſes chanſons diſcretement & ſagement. Pſa.

121 667 753 54 47. Voy la dõe auſſi pour reſpondre à ceulx &

113 709 760 57 celles qui demandent tant: à quoy ilz paſſerõt

113 752 761 56 Ie temps. Car le ſainct eſperit n’a rien obmis de

109 796 764 59 faire eſcripre à ſes ſeruiteurs: touchãt toutes les

109 838 760 60 choſes qui nous pouuoyẽt ſainctemẽt delecter

110 884 757 55 & eſtre neceſſaires temporellement, corporelle

108 928 757 55 mẽt ou ſpirituellement en ce mõde, ſoit (entre

106 974 758 51 aultres) pour nous reſiouyr en riant. Eccl.3. ou

106 1015 758 56 en chantant Coloſ.3. Iac.5. qu’auſſi pour nous

105 1059 758 53 cõtriſter en plourant. Rom.12. Et tout ce a eſté

106 1099 754 57 faict pour nous rendre inexcuſables deuant le

106 1147 752 53 Seigneur, & pour nous clorre la bouche: & for¬

106 1189 752 55 clorre de toutes obiections & argumentz ſo¬

114 1232 744 56 phiſtiques, fondez ſur noſtre iugement &

117 1275 739 56 prudence mondaine. 1.Corinth.1. Et no¬

104 1318 757 61 gons bien entre aultres choſes: que quand la

734 1367 125 55 ſaincte
