1040 1522
802 39 60 71 183

171 47 557 59 RESIOVYSSANCE.

86 182 57 109 S

83 710 71 109 C

81 95 759 70 Aultre Huictain de L’autheur: à vn ſien voiſin.

148 187 549 61 I vn Ioſephe il te plaict m’enuoyer

151 227 684 67 Pour ces grãdz nuictz pres de mõ fourneau

83 276 753 61 Ie ſuis tout preſt aux lõgs iours m’ẽployer (lire

84 324 618 55 A te le rendre & grand mercys te dire.

83 366 667 55 Et ſ’il te plaict quelque aultre choſe eſlire

82 410 587 54 De ce que Dieu m’a donné le credit:

82 454 580 55 Mande le moy par ce Reuerend ſire

82 498 585 56 Et tu l’auras ſans aulc'un contredit.

167 580 574 62 Actions de graces, ſur: Claudi ſivva.

245 630 353 57 aux letres Capitales.

162 716 669 57 Hercher deuõs tout premier qu’autre choſe

161 757 670 67 Le regne heureux de Dieu cõe il propoſe,

83 808 519 49 Auec auſſi ſa iuſtice tout iour.

87 850 617 53 Venons luy donc ſupplier qu’il repoſe

84 892 679 55 Dedans noz cœurs, & qu’iceulx il diſpoſe

84 938 651 52 Iournellement en ſa craincte & amour.

220 984 286 52 Noſtre Pere. &c.

83 1065 642 62 Faiſons de Dieu memoire, qui par grace

89 1116 609 50 Icy nous a repeuz: à fin qu’il faſſe

87 1157 677 50 Viure touſiours ſon ſainct eſprit en nous.

88 1203 528 50 Venons prier ſa maieſté treſtous

87 1245 682 59 Ainſi que Chriſt la forme nous compaſſe.

201 1291 279 64 Noſtre Pere. &c.

599 1330 129 66 m 5

840 688 128 83 Deuãt que

838 766 111 39 menger.

836 794 132 43 Matt.6.d.

832 831 136 41 1.Co.10 g

835 1083 119 50 Apres a¬

832 1123 135 38 uoir men

835 1150 57 46 gé.

833 1178 136 48 Deu.8.c d

830 1281 132 46 Luc 11 a.
