996 1494
141 12 61 60 210

256 0 459 69 CHRESTIENNE

165 61 550 56 Ie ſuis venu pour metre en liberté

161 107 609 52 Ceulx qui croyront de cœur la verité,

156 147 713 59 Et qui vouldront apprendre en mon eſcolle

160 194 574 53 Sans ſ’eſgarer dehors de ma parolle.

204 235 574 56 Venez y donc, & de moy apprennez:

164 282 543 50 Que ie ſuis doulx. & auſsi retenez

165 322 649 53 Qu’humble ie ſuis de cœur & debonaire,

163 368 628 52 Et mon fardeau & ioug ne poiſe guere,

164 412 609 50 Ains eſt leger comme à l’eſſay verrez.

194 455 611 52 Or venez donq: car ſi toſt que m’orrez

168 500 554 51 Vous trouuerez à voz ames repos.

191 541 572 51 Et ne craignez faillir à voz propoz:

173 587 583 47 Mais demandez & on vous donnera.

166 627 572 51 Hurtez à l'huys & on vous ouurira,

165 674 640 48 Et cherchez moy & vous me trouuerez.

193 715 597 51 Et quand pour moy en triſteſſe ſerez

171 759 584 47 Ie tourneray voſtre triſteſſe en ioye.

166 804 657 49 Et n’y aura nul de vous qu’en moy croye

168 845 633 51 Qui ſoit perdu: car ie vous admonneſte

169 890 680 50 Que comptez ſont les poilz de voſtre teſte,

166 933 649 50 Ne ſoyez donq perturbez en voz cœurs.

187 975 719 54 Et quãd ſerez menez aux grãdz ſeigneurs:

163 1019 678 51 N’ayez ſoucy que leur deburez reſpondre,

163 1062 741 52 Et ne craignez qu’ilz vous puiſſent cõfondre.

166 1108 605 47 Car tout ſoubdain donné il vous ſera

165 1150 599 47 Ce que chaſcun d’entre vous parlera.

167 1191 631 49 Voire, ſi bien que tous voz aduerſaires

163 1234 701 64 Et tous ceulx la qui vous ſeront contraires:

844 1283 51 72 Ne

29 43 109 75 Ieh.8.d.

24 242 140 71 Mat.11.d.

29 580 120 53 Luc 11.b.

36 750 123 51 Ieh.16.d.

40 790 21 38 e.

36 867 116 65 Mat.10 d.

29 1205 128 63 Luc 21.cd
