978 1476
173 9 47 53 61

186 63 450 55 Puis que ſa bonté a permis

187 110 520 55 Que le ſainct Eſperit me poingt,

186 154 568 51 De tous les maulx que i’ay commis

186 196 496 56 Luy ſupplie qu’il me pardoint.

182 242 213 46 Et multiplie

185 288 192 47 Sa foy vnie

182 317 640 64 En moy & en tous mes amys, 2.

194 369 458 56 Et au cœur de mes ennemys.

269 453 528 53 La 81. Chanſon, ſur le chant, de:

235 500 598 58 Qui la dira la peine de mon coeur, &e.

258 585 521 61 Vi la dira:la peine de mon cœur?

264 633 658 60 Et la lãgueur que pour mon peché portet

315 682 589 49 e Plaiſe à Ieſus que la doulce liqueur

178 724 719 53 De ſon pur ſangemon ame reconforte. 2.

191 794 559 59 Triſte ie ſuis & perdz toute colleur

179 850 661 48 Pour la dolleur qui tant me deſconforte.

174 895 692 43 Et nuyct & iour i'ay malheur ſur malheur,

172 935 732 53 Dont l’ennemy à deſeſpoir m’exhorte. 2.

175 1025 633 53 Mais(touteſfois) par la force & vigueur

169 1072 614 48 Du puiſſant Dieu, feray de telle ſorte:

176 1115 646 49 Que tout Enfer, la Mort ne leur rigueur

173 1157 754 59 Ne me nuyrõt, car Chriſt:ce bien m’apporte. 2.

59 212 103 55 Pfal 5i.

329 6 447 56 CHRESTIENNR

54 371 125 54 Matt. 5e.

51 573 129 89 paissa

191 660 82 59 X7

49 799 130 75 Pha.j8.aN

52 1108 100 58 Rom.8.

871 1238 53 75 L2
