1040 1512
78 111 613 57 Et moy pecheur ay faim de ta iuſtice,

78 157 636 53 Et pourtant donc ta grace monſtreras

78 199 713 48 Rendant mon ame & corps hors d’iniuſtice.

78 241 688 50 Le ciel fauldroit pluſtoſt que d’effailliſſe

82 288 650 49 (Aux repentãs) la bonté qu’eſt en toy,

79 330 656 53 Car tu las dict & fault que ſ’accompliſſe.

77 374 702 63 Hellas mon Dieu, donques, pardonne moy.

363 427 130 51 Amen.

252 504 357 54 Briefue Epitaphe, ſur:

310 551 297 53 Hans von Erlach.

259 594 348 53 aux letres Capitales:

170 664 800 73 Ellas ſeigneurs Bernois : ſi pitit vous remord

167 721 772 58 Ayez regard a feu noble Hans d’Erlach mort.

77 771 710 50 Nõ pas pour le plorer ne prier pour ſon ame

74 811 762 54 Scachãs q̃ tout cella ne luy ſert d’vne dragme.

78 855 604 52 Voire, cella ſeroit de luy trop abuſer.

74 900 751 51 (Or voicy donc de quel regard l uy fault vſer:

73 943 636 47 Ne ſoyez pareſſeux à maintenir police

73 987 726 47 Et l’aureille preſtez aux paouures en iuſtice.

73 1027 753 52 Rẽdez droict à chaſcun, & ſans faire œuure vile

76 1071 749 58 Loyaulmẽt mõſtrezvous gẽs aymãs l’Euãgile.

73 1115 720 51 Ainſi faiſans: ſerez treſtous vrays Aduoyez

75 1159 718 52 Comme fut le deffunct du quel parler ouyez.

73 1199 883 55 Hellas, donq̃s, pour Dieu: de ſes mœurs vous (ſouui¬

76 1244 742 61 Pryãs que moins qu’aduint en ſõ téps ne vous

830 1254 96 51 enne,

178 58 527 55 RESIOVYSSANCE.

75 675 88 104 H

804 61 52 62 187

841 110 130 51 Matt.5.2

844 183 127 52 Ro. 9. d.

838 283 133 51 Pſal.5i.d.

840 322 131 40 E1e.1..6.

840 352 130 51 Fla.57.2.

838 611 131 34 Vers Ale

835 640 136 42 xandrins.

713 1291 112 64 viẽne.
