1000 1536
176 74 42 62 32

317 68 452 51 CHRESTIENNE

197 247 65 101 T

300 119 523 54 La 40. Chanſon, ſur le chant, de:

198 165 735 67 Triſtes penſers: à mes yeulx donnez treſue, &c.

280 244 598 58 Riſtes penſers: ie vous donne la treſue

265 297 565 48 Retirez vous arriere de mon cœur:

192 338 649 55 Et donnez lieu à Ieſus mon vaincqueur

194 384 736 57 Qui a ſouffert pour moy la mort tregriefue. 2.

192 469 544 56 Cil qui le loge en follies ne reſue:

191 519 632 53 Ains penſe en luy, recepuant la liqueur

189 563 661 50 De ſon pur ſang ſans regret ne rancueur,

193 601 734 64 Dont en repos ſes iours au monde acheue. 2.

187 694 674 54 Et ſi congnoit que la vengence eſt briefue

187 740 672 51 Sur les meſchans remplis d’aſpre rigueur:

192 785 644 49 Qui en ſa foy ne prennent leur vigueur.

194 823 711 58 Car ſans la foy tout ne vault vne febue. 2.

278 910 540 55 La 41. Chanſon, ſur le chant, de:

213 956 677 62 Plaiſir n’ay plus, mais uy en deſconfort, &c.

248 1040 687 58 Laiſir n'ay plus fors quand penſe à la mort

243 1086 691 63 De Ieſus Chriſt mõ ſeul puiſſant ſaulueur.

183 1137 582 49 Car par cella à l’aymer prens ſaueur

185 1175 703 64 Ne craignant plus la mort qui l’ame mord.

182 1263 652 55 Si on me dict: pourquoy ie prens confort

186 1310 664 74 En ſon torment? ie dy que tout malheur

180 1049 60 100 P

818 1349 142 80 M'ap¬

58 250 128 77 Rom.8 fg

57 599 114 53 Luc 2e.

52 814 129 62 Ebr.11.a.b

48 1166 127 62 2.Cor.15.g
