1018 1500
792 33 51 56 109

167 26 516 53 RESIOVYSSANCE.

78 206 65 107 B

168 80 549 54 La 125. Chanſon, ſur le chant, de:

81 124 626 59 Bon iour, bon an & bonne eſtreine. &c.

145 207 546 59 On iour, bon an & bonne eſtreine:

147 256 530 60 Et Dieu gard de mal les garſons.

81 307 602 48 D’ou venez vous? que vous ameine?

79 346 588 51 Bon iour, bon an & bonne eſtreine.

80 391 533 50 Nous venons d’vne verte plaine

77 434 556 53 De louer Dieu par chantz & ſons.

81 476 601 49 Bon iour, bon an & bonne eſtreine:

80 512 755 74 Et Dieu gard de mal les garſons. 2.

94 604 535 53 Que ferez vous ceſte ſempmaine?

81 649 580 53 Six iours (ſans plus) trauaillerons.

81 695 580 57 Et puis? n’aurez vous plus de peine?

85 738 548 53 Que ferez vous ceſte ſempmaine?

82 780 533 50 Le ſeptieſme: d’œuure mondaine

85 823 526 53 (Dieu aydant) nous repoſerons.

90 867 553 53 Que ferez vous ceſte ſempmaine?

82 903 757 80 Six iours (ſans plus) trauaillerons. 2.

151 997 561 70 La 126. Chanſon, ſur le chant, de:

86 1044 490 69 La roſée du moys de May. &c.

157 1128 670 84 A roſée au moys de may 2.

166 1181 431 76 Eſt bonne (qui bien y note)

91 1121 70 141 L

828 111 114 36 Monolo

839 140 121 47 gue Chre

828 175 88 41 ſtien.

829 232 131 61 Rom.12.c

835 461 115 57 Eph.5 d.

831 690 111 57 Exo.20.

832 851 93 74 Deu.5.
