1028 1552
382 113 294 52 EPISTRE.

165 164 750 54 auſſi conclurre tout d'vn train, qu’icelle bou¬

166 211 748 53 che participe à la meſme corruption du cœur,

167 257 750 49 & conſequemment tous les aultres mẽbres du

165 297 751 51 corps, ſelon la dicte opinion de ſainct Iaques.

166 341 749 53 Iac.3. Touchant à ce que tu dys: qu’en chan¬

166 386 753 51 tãt ainſi tu ne dys mal de perſõne: cella eſt tout

164 429 751 51 l'oppoſite. car tu recites en publique, voire en

164 471 751 49 t'en reſiouyſſant, les pertes & tribulations de

164 515 752 48 tes voiſins, prochains &aultres. Et en lieu de tai

162 560 758 49 re, ou pluſtoſt plourer, la turpitude d aultruy: tu

162 601 757 50 la deſcouures à chaſcun par tes ſotes chanſons.

164 646 754 50 Et pourtant note, comme i'ay ia dict deſſus,

168 691 747 51 que toute ta chanterie pugne directement con

164 732 750 51 tre la charité de Dieu premierement, & de ton

167 776 748 49 prochain apres. Et pour ce dõc, freres & ſœurs,

162 819 754 51 donnez gloire à Dieu en cõfeſſant la verité, &

162 862 753 51 n’eſtimez point q̃ Dieu receoiue aulcunes mẽ

164 905 750 50 teries ne couuertures: pour excuſes ſouffiſſan¬

164 950 751 51 tes. Car ſes voyes & procedures ne ſont point

164 992 752 53 cõme celles des hõmes mortelz. Iſai.55. Ioingt

166 1038 749 50 encore, qu’il n’y a aulcune acception de perſon

165 1081 752 57 nes enuers luy, ne dõ ne preſẽt tẽporel pour ap

169 1123 747 53 paiſer ſon ire. Deut.10. Doncques, en reiettant

166 1167 750 50 toutes telles manieres de reſiouyſſances diabo

166 1208 749 51 liques: eſcoutez & incorporez en voz cœurs les

166 1252 755 46 tant ſalutaires admonitions, tant de Dauid

169 1296 752 53 (preſque par tous ſes Pſalmes) que de S. Paul,

164 1339 756 67 diſant ainſi: Ne vous enyurez point de vin en

832 1386 80 65 quoy
