<?xml version="1.0" encoding="UTF-8"?>
<alto xmlns:xsi="http://www.w3.org/2001/XMLSchema-instance"
      xmlns="http://www.loc.gov/standards/alto/ns-v4#"
      xsi:schemaLocation="http://www.loc.gov/standards/alto/ns-v4# http://www.loc.gov/standards/alto/v4/alto-4-2.xsd">
  <Description>
    <MeasurementUnit>pixel</MeasurementUnit>
    <sourceImageInformation>
      <fileName>Chrestienne_resiovyssance_onb_109B2E78.pdf_page_18.png</fileName>
      <fileIdentifier>pdf//Chrestienne_resiovyssance_onb_109B2E78.pdf</fileIdentifier>
    </sourceImageInformation>
  </Description>
  
  <Tags>
    <OtherTag ID="BT10909" LABEL="TitlePageZone" DESCRIPTION="block type TitlePageZone"/><OtherTag ID="BT10908" LABEL="StampZone" DESCRIPTION="block type StampZone"/><OtherTag ID="BT10907" LABEL="RunningTitleZone" DESCRIPTION="block type RunningTitleZone"/><OtherTag ID="BT10906" LABEL="QuireMarksZone" DESCRIPTION="block type QuireMarksZone"/><OtherTag ID="BT10905" LABEL="NumberingZone" DESCRIPTION="block type NumberingZone"/><OtherTag ID="BT10904" LABEL="MarginTextZone:handwrittenAddition" DESCRIPTION="block type MarginTextZone:handwrittenAddition"/><OtherTag ID="BT10903" LABEL="MarginTextZone" DESCRIPTION="block type MarginTextZone"/><OtherTag ID="BT10902" LABEL="MainZone" DESCRIPTION="block type MainZone"/><OtherTag ID="BT10901" LABEL="GraphicZone" DESCRIPTION="block type GraphicZone"/><OtherTag ID="BT10900" LABEL="DropCapitalZone" DESCRIPTION="block type DropCapitalZone"/><OtherTag ID="BT10899" LABEL="DamageZone" DESCRIPTION="block type DamageZone"/>
    <OtherTag ID="LT4284" LABEL="default" DESCRIPTION="line type default"/><OtherTag ID="LT4283" LABEL="HeadingLine" DESCRIPTION="line type HeadingLine"/><OtherTag ID="LT4282" LABEL="DropCapitalLine" DESCRIPTION="line type DropCapitalLine"/><OtherTag ID="LT4281" LABEL="DefaultLine" DESCRIPTION="line type DefaultLine"/>
  </Tags>
  
  <Layout>
    <Page WIDTH="1038"
          HEIGHT="1568"
          PHYSICAL_IMG_NR="17"
          ID="eSc_dummypage_">
      <PrintSpace HPOS="0"
                  VPOS="0"
                  WIDTH="1038"
                  HEIGHT="1568">
        
        <TextBlock HPOS="295"
                   VPOS="107"
                   WIDTH="311"
                   HEIGHT="53"
                   ID="eSc_textblock_63e06a54"
                   TAGREFS="BT10907">
          <Shape><Polygon POINTS="295 107 295 160 606 160 606 107"/></Shape>
          
          
          <TextLine ID="eSc_line_43e08fa0"
                    TAGREFS="LT4283"
                    BASELINE="312 145 599 142" 
                    HPOS="312"
                    VPOS="108"
                    WIDTH="287"
                    HEIGHT="50">
            <Shape><Polygon POINTS="582 110 573 110 564 110 556 110 547 110 538 110 529 109 521 109 512 109 507 109 503 110 495 112 488 110 486 109 477 108 468 108 467 108 465 109 460 112 454 109 452 108 451 108 442 108 434 108 431 108 428 108 423 110 421 108 420 108 416 108 407 108 399 108 390 108 381 108 373 108 355 113 333 109 329 110 320 110 312 111 312 145 312 152 377 152 378 153 382 156 382 157 383 157 384 157 385 158 407 158 407 157 408 157 409 157 415 153 420 150 425 153 434 156 435 156 488 155 489 155 495 153 503 149 598 153 599 142 592 121 590 119"/></Shape>
	    <String CONTENT="EPISTRE."
                    HPOS="312"
                    VPOS="108"
                    WIDTH="287"
                    HEIGHT="50"
                    WC="0.998804941773415"></String>
          </TextLine>

          
        </TextBlock>
        
        <TextBlock HPOS="87"
                   VPOS="168"
                   WIDTH="773"
                   HEIGHT="1229"
                   ID="eSc_textblock_78c7759b"
                   TAGREFS="BT10902">
          <Shape><Polygon POINTS="87 168 94 1397 860 1392 860 168"/></Shape>
          
          
          <TextLine ID="eSc_line_41c31e6e"
                    TAGREFS="LT4281"
                    BASELINE="97 203 851 202" 
                    HPOS="96"
                    VPOS="160"
                    WIDTH="755"
                    HEIGHT="56">
            <Shape><Polygon POINTS="846 175 837 173 828 173 820 172 811 171 802 171 793 170 785 170 776 169 767 169 754 169 753 168 750 168 741 168 732 167 724 167 715 166 706 166 698 165 689 165 680 164 671 164 663 163 654 163 645 162 637 162 628 162 625 161 605 168 603 169 553 169 551 168 540 160 539 160 538 160 537 160 500 165 445 162 444 162 443 162 431 168 427 170 380 170 375 168 369 164 368 164 367 164 345 168 334 168 327 167 305 162 305 162 304 162 282 166 273 161 272 161 271 161 244 161 244 161 243 161 242 161 232 167 230 167 186 162 185 162 161 167 154 168 149 167 132 162 131 162 122 162 115 162 96 166 97 203 97 209 111 216 112 216 113 216 176 216 176 216 176 216 189 209 189 209 190 209 215 215 216 215 217 215 229 209 234 209 311 214 312 214 386 210 405 216 406 216 407 216 494 209 545 215 546 215 547 215 566 209 568 209 617 209 618 209 634 215 635 215 636 215 754 210 761 215 762 215 763 215 764 216 816 216 816 215 850 208 851 202 847 175 846 175"/></Shape>
	    <String CONTENT="Il a pleu à Dieu de me donner a cõgnoiſtre, que"
                    HPOS="96"
                    VPOS="160"
                    WIDTH="755"
                    HEIGHT="56"
                    WC="0.968277400853683"></String>
          </TextLine>

          
          
          <TextLine ID="eSc_line_cd6af43a"
                    TAGREFS="LT4281"
                    BASELINE="95 246 850 243" 
                    HPOS="94"
                    VPOS="205"
                    WIDTH="756"
                    HEIGHT="54">
            <Shape><Polygon POINTS="95 246 95 259 134 254 166 258 167 258 292 254 311 257 318 258 318 258 325 257 347 253 485 256 597 257 598 257 724 256 725 256 733 253 736 252 751 253 814 256 815 256 849 251 850 243 848 209 757 212 749 208 748 207 747 207 746 207 709 206 708 206 695 208 668 212 624 208 621 208 620 208 619 208 610 212 601 208 600 208 599 208 598 208 583 213 569 208 562 205 561 205 560 205 559 205 552 208 541 211 512 208 493 205 492 205 478 208 455 211 444 207 440 206 440 206 439 206 438 206 434 207 419 212 402 207 395 205 394 205 393 205 393 205 387 207 381 209 330 207 304 206 303 206 302 206 299 207 290 210 216 207 193 206 192 206 187 207 156 214 149 209 148 209 147 209 146 209 123 213 94 207 95 246"/></Shape>
	    <String CONTENT="i&#x27;abuſois trop de ſes dons: i&#x27;ay ſoubdain tour¬"
                    HPOS="94"
                    VPOS="205"
                    WIDTH="756"
                    HEIGHT="54"
                    WC="0.991953186532284"></String>
          </TextLine>

          
          
          <TextLine ID="eSc_line_0fb0c117"
                    TAGREFS="LT4281"
                    BASELINE="94 289 851 287" 
                    HPOS="93"
                    VPOS="249"
                    WIDTH="758"
                    HEIGHT="53">
            <Shape><Polygon POINTS="94 289 94 297 154 302 155 302 191 297 196 297 199 297 238 302 239 302 325 297 331 297 337 297 462 302 463 302 494 296 497 296 501 296 521 300 522 300 619 296 630 296 630 296 646 301 647 301 648 301 698 296 700 296 701 296 713 301 714 301 715 301 851 295 851 287 848 254 781 256 774 254 756 249 755 249 754 249 699 254 678 249 678 249 677 249 676 249 663 255 662 255 658 255 617 250 617 250 585 255 584 255 577 250 576 250 576 250 575 250 574 250 563 254 480 249 479 249 478 249 460 255 446 250 445 250 444 250 443 250 425 256 373 256 346 250 346 250 345 250 344 250 335 255 323 250 322 250 321 250 293 256 281 250 280 250 237 250 236 250 235 250 219 256 199 250 198 250 197 250 196 250 187 254 181 250 180 250 179 250 130 250 129 250 128 250 128 250 117 257 93 257 94 289"/></Shape>
	    <String CONTENT="né bride, &amp; par l’inſpiration de ce tant bon pere"
                    HPOS="93"
                    VPOS="249"
                    WIDTH="758"
                    HEIGHT="53"
                    WC="0.955659680366516"></String>
          </TextLine>

          
          
          <TextLine ID="eSc_line_766f3333"
                    TAGREFS="LT4281"
                    BASELINE="94 332 850 331" 
                    HPOS="94"
                    VPOS="292"
                    WIDTH="756"
                    HEIGHT="54">
            <Shape><Polygon POINTS="94 332 94 341 122 346 123 346 165 342 431 346 432 346 453 342 484 345 485 345 486 345 487 345 492 341 510 345 511 345 512 346 568 346 568 345 569 345 569 345 576 341 649 345 650 346 798 346 798 345 799 345 813 341 839 345 840 345 841 345 850 340 850 331 848 292 817 292 816 292 815 292 801 299 698 297 692 293 691 292 690 292 689 292 688 292 687 292 684 293 668 297 644 293 640 293 639 293 638 293 637 293 624 299 587 294 573 292 572 292 571 292 567 294 557 298 532 294 517 292 516 292 515 292 515 292 512 295 507 297 472 295 445 293 444 293 424 295 383 300 315 297 302 296 301 296 300 296 298 297 284 300 277 297 271 294 271 294 230 293 230 293 166 297 160 297 156 297 115 293 115 293 94 297 94 332"/></Shape>
	    <String CONTENT="celeſte (qui m’a tiré du gouffre d&#x27;enfer par ſa"
                    HPOS="94"
                    VPOS="292"
                    WIDTH="756"
                    HEIGHT="54"
                    WC="0.982354166556378"></String>
          </TextLine>

          
          
          <TextLine ID="eSc_line_87395482"
                    TAGREFS="LT4281"
                    BASELINE="94 376 849 373" 
                    HPOS="93"
                    VPOS="335"
                    WIDTH="756"
                    HEIGHT="57">
            <Shape><Polygon POINTS="94 376 94 392 110 385 171 385 187 391 188 391 189 391 190 391 242 385 274 390 280 391 281 391 282 391 284 390 293 385 315 390 318 390 318 390 321 390 348 385 373 389 379 390 379 390 380 390 381 390 382 389 389 385 412 389 419 390 420 390 420 390 424 389 439 385 469 385 476 388 478 390 479 390 480 390 481 390 849 385 849 373 847 339 824 344 814 339 806 336 805 336 804 336 803 336 802 336 796 339 788 344 751 344 745 340 741 337 740 337 739 337 739 337 721 340 720 340 708 335 707 335 706 335 628 341 625 341 624 341 575 336 574 336 513 343 491 344 487 343 472 336 471 336 470 336 411 340 380 336 379 336 379 336 349 344 343 345 332 344 275 337 274 337 273 337 272 337 262 345 260 346 235 346 234 345 214 337 213 337 135 337 135 337 93 346 94 376"/></Shape>
	    <String CONTENT="ſeule grace) ie me ſuis deſpuis quelque fois oc¬"
                    HPOS="93"
                    VPOS="335"
                    WIDTH="756"
                    HEIGHT="57"
                    WC="0.983417319754759"></String>
          </TextLine>

          
          
          <TextLine ID="eSc_line_cd0c3774"
                    TAGREFS="LT4281"
                    BASELINE="94 419 848 419" 
                    HPOS="94"
                    VPOS="381"
                    WIDTH="754"
                    HEIGHT="54">
            <Shape><Polygon POINTS="94 419 94 435 168 435 168 434 169 434 183 428 273 433 274 433 379 428 389 434 390 434 391 434 392 434 393 434 410 428 433 434 434 434 434 434 435 434 454 428 491 428 504 433 505 433 506 433 554 428 578 434 579 434 580 434 581 434 646 428 663 434 664 434 664 435 739 435 739 434 739 434 755 428 785 434 786 434 786 434 787 434 827 428 847 434 848 419 848 389 813 389 812 388 799 381 798 381 690 381 689 381 688 381 672 387 670 389 648 389 645 387 632 381 631 381 630 381 598 387 590 388 588 386 579 381 578 381 577 381 576 381 533 383 532 383 531 383 527 386 523 389 495 389 488 386 475 381 474 381 474 381 473 381 463 385 461 387 453 385 430 381 429 381 428 381 416 385 409 388 400 385 385 381 384 381 383 381 382 381 381 381 376 385 373 386 364 385 338 382 337 382 336 382 335 382 331 385 325 389 274 389 264 385 255 381 254 381 253 381 238 385 221 389 193 389 183 384 176 381 175 381 174 381 173 381 166 384 156 388 147 384 141 381 140 381 139 381 94 383 94 419"/></Shape>
	    <String CONTENT="cupé à renuerſer &amp; reduire à ſa louange: tout"
                    HPOS="94"
                    VPOS="381"
                    WIDTH="754"
                    HEIGHT="54"
                    WC="0.971994560211897"></String>
          </TextLine>

          
          
          <TextLine ID="eSc_line_5a0e0ff2"
                    TAGREFS="LT4281"
                    BASELINE="95 463 848 463" 
                    HPOS="95"
                    VPOS="425"
                    WIDTH="753"
                    HEIGHT="52">
            <Shape><Polygon POINTS="95 463 95 470 109 476 110 476 111 477 174 477 174 476 175 476 176 476 183 471 183 471 252 471 257 472 274 476 275 476 276 476 294 472 297 472 310 472 398 476 399 476 400 476 407 473 411 471 434 473 467 476 468 477 500 477 500 476 501 476 502 476 505 473 511 471 584 471 592 474 596 476 597 476 597 476 619 474 668 471 847 476 848 463 848 436 660 436 654 433 632 425 631 425 630 425 596 432 591 433 588 432 567 425 566 425 565 425 474 430 427 426 427 426 404 431 397 432 393 430 384 425 383 425 346 425 345 425 344 425 332 430 318 436 293 436 280 429 274 426 273 426 253 425 252 425 251 425 244 429 236 432 209 428 191 425 190 425 177 428 142 435 121 427 116 425 115 425 115 425 95 426 95 463"/></Shape>
	    <String CONTENT="tant de chanſons charnelles, que m’a peu"
                    HPOS="95"
                    VPOS="425"
                    WIDTH="753"
                    HEIGHT="52"
                    WC="0.992415647208691"></String>
          </TextLine>

          
          
          <TextLine ID="eSc_line_1c19c13d"
                    TAGREFS="LT4281"
                    BASELINE="95 506 848 507" 
                    HPOS="95"
                    VPOS="466"
                    WIDTH="753"
                    HEIGHT="52">
            <Shape><Polygon POINTS="95 506 95 518 848 517 848 507 848 479 802 479 801 478 765 467 764 467 719 467 719 467 718 467 695 478 694 479 588 479 585 477 569 467 569 467 568 467 504 467 503 467 502 467 478 473 428 466 427 466 427 466 415 471 354 466 353 466 307 471 289 466 288 466 287 466 286 466 285 466 278 472 231 468 230 468 230 468 217 473 164 467 163 467 136 473 117 466 116 466 115 466 115 466 95 474 95 506"/></Shape>
	    <String CONTENT="ſouuenir auoir iadis chanté au regne de Satan."
                    HPOS="95"
                    VPOS="466"
                    WIDTH="753"
                    HEIGHT="52"
                    WC="0.960196989647886"></String>
          </TextLine>

          
          
          <TextLine ID="eSc_line_9680fbdf"
                    TAGREFS="LT4281"
                    BASELINE="141 550 848 548" 
                    HPOS="140"
                    VPOS="508"
                    WIDTH="708"
                    HEIGHT="57">
            <Shape><Polygon POINTS="141 550 141 557 155 563 156 563 156 563 181 558 190 564 191 564 192 564 193 565 256 565 256 564 257 564 274 557 275 557 336 557 337 557 367 564 368 564 434 559 443 564 444 564 445 564 446 564 447 564 447 564 457 557 465 561 466 561 467 561 494 556 496 556 497 556 515 563 515 563 516 564 565 564 565 563 594 556 596 556 600 556 668 561 669 561 670 561 682 557 698 563 699 563 700 563 701 563 730 556 796 562 797 562 798 562 815 558 827 562 828 562 829 562 830 562 848 555 848 548 847 512 820 508 819 508 818 508 807 511 795 514 772 511 750 508 749 508 748 508 747 508 743 511 739 513 730 511 722 509 721 509 720 509 710 511 692 514 676 511 666 509 665 509 664 509 664 509 662 511 656 515 622 515 615 511 610 508 609 508 608 508 590 511 575 513 566 511 556 508 555 508 554 508 553 508 552 508 549 511 542 514 506 514 499 511 496 508 495 508 495 508 494 508 493 508 492 508 490 511 486 513 429 511 428 511 392 515 358 510 349 509 348 509 347 509 343 510 325 515 276 510 264 509 264 509 258 510 237 514 186 510 184 510 183 510 183 510 167 515 140 510 141 550"/></Shape>
	    <String CONTENT="Leſquelles Chanſons (qui ſont 16O. en"
                    HPOS="140"
                    VPOS="508"
                    WIDTH="708"
                    HEIGHT="57"
                    WC="0.994988626724965"></String>
          </TextLine>

          
          
          <TextLine ID="eSc_line_11018f47"
                    TAGREFS="LT4281"
                    BASELINE="96 593 848 593" 
                    HPOS="96"
                    VPOS="554"
                    WIDTH="752"
                    HEIGHT="50">
            <Shape><Polygon POINTS="96 593 96 604 848 600 848 593 848 563 787 563 774 554 773 554 773 554 772 554 752 554 751 554 750 554 739 562 686 554 685 554 639 561 583 554 583 554 543 562 533 554 532 554 531 554 530 554 529 554 529 554 522 559 502 554 501 554 500 554 440 558 420 554 419 554 346 559 333 554 332 554 281 554 280 554 279 554 250 561 243 557 242 557 241 557 240 557 205 562 176 554 175 554 174 554 173 554 142 563 96 563 96 593"/></Shape>
	    <String CONTENT="nombre) ie vous offre &amp; deliure maintenant"
                    HPOS="96"
                    VPOS="554"
                    WIDTH="752"
                    HEIGHT="50"
                    WC="0.987331673156383"></String>
          </TextLine>

          
          
          <TextLine ID="eSc_line_24c56183"
                    TAGREFS="LT4281"
                    BASELINE="95 636 848 636" 
                    HPOS="95"
                    VPOS="597"
                    WIDTH="753"
                    HEIGHT="48">
            <Shape><Polygon POINTS="95 636 95 645 848 644 848 636 848 597 608 602 597 599 591 597 590 597 590 597 555 599 501 602 488 600 479 597 478 597 477 597 476 597 468 600 461 602 440 600 415 597 414 597 413 597 402 601 394 602 385 601 367 597 366 597 366 597 365 597 359 601 356 602 342 601 319 598 318 598 318 598 312 601 309 602 295 601 256 597 255 597 210 601 201 602 193 602 140 597 139 597 138 597 137 597 130 602 129 603 95 603 95 636"/></Shape>
	    <String CONTENT="de la part de Dieu, &amp; ce d&#x27;auſsi bon cœur &amp; cor"
                    HPOS="95"
                    VPOS="597"
                    WIDTH="753"
                    HEIGHT="48"
                    WC="0.986818311062265"></String>
          </TextLine>

          
          
          <TextLine ID="eSc_line_4388bbc3"
                    TAGREFS="LT4281"
                    BASELINE="95 679 846 677" 
                    HPOS="94"
                    VPOS="639"
                    WIDTH="752"
                    HEIGHT="55">
            <Shape><Polygon POINTS="95 679 95 689 122 694 123 694 124 694 139 689 174 694 175 694 251 689 264 694 265 694 266 694 326 688 334 688 341 688 394 694 395 694 396 694 397 694 405 688 406 688 427 688 429 688 466 694 467 694 505 688 506 688 515 692 515 692 516 692 542 688 548 687 555 688 603 693 603 693 604 693 620 687 622 687 680 687 681 687 696 693 697 693 698 693 698 693 699 693 708 687 710 687 746 691 746 691 769 687 778 693 779 693 780 693 780 694 820 694 820 693 821 693 846 686 846 677 844 650 694 650 680 642 679 642 678 642 678 642 677 642 661 646 631 639 630 639 604 644 548 639 547 639 515 644 488 639 487 639 486 639 485 639 472 648 455 641 454 641 454 641 430 646 421 641 420 641 420 641 377 640 376 640 325 648 283 640 239 640 238 640 208 643 207 643 206 643 196 650 121 641 120 641 119 641 94 650 95 679"/></Shape>
	    <String CONTENT="dialle affection: que ie deſire qu’en les recep¬"
                    HPOS="94"
                    VPOS="639"
                    WIDTH="752"
                    HEIGHT="55"
                    WC="0.980752870440483"></String>
          </TextLine>

          
          
          <TextLine ID="eSc_line_e2b93994"
                    TAGREFS="LT4281"
                    BASELINE="96 724 308 721 848 723" 
                    HPOS="95"
                    VPOS="684"
                    WIDTH="753"
                    HEIGHT="49">
            <Shape><Polygon POINTS="96 724 95 731 847 733 848 723 848 696 827 691 826 691 825 691 824 691 817 696 673 696 657 684 656 684 655 684 622 684 621 684 620 684 588 696 562 684 561 684 451 684 450 684 449 684 424 696 322 696 304 684 303 684 302 684 301 684 300 684 273 691 257 684 257 684 256 684 222 689 210 684 210 684 142 684 141 684 140 684 96 696 96 724"/></Shape>
	    <String CONTENT="uant &amp; chantant, vous oubliez &amp; reietriez tou"
                    HPOS="95"
                    VPOS="684"
                    WIDTH="753"
                    HEIGHT="49"
                    WC="0.983227674166361"></String>
          </TextLine>

          
          
          <TextLine ID="eSc_line_cf733c5a"
                    TAGREFS="LT4281"
                    BASELINE="96 768 848 766" 
                    HPOS="95"
                    VPOS="726"
                    WIDTH="753"
                    HEIGHT="54">
            <Shape><Polygon POINTS="96 768 96 780 149 773 174 779 175 779 176 779 176 779 192 773 225 773 238 779 239 779 240 779 241 779 253 773 299 778 300 778 347 773 356 779 357 779 358 779 359 779 407 773 425 779 426 779 427 780 458 780 464 780 464 779 495 772 538 778 539 778 567 773 615 778 616 778 664 772 691 778 692 778 748 773 775 778 776 778 800 774 846 778 848 766 846 735 814 735 813 734 794 727 793 727 793 727 741 733 730 726 729 726 728 726 727 726 726 726 706 733 703 735 676 735 673 733 660 727 659 727 576 726 575 726 574 726 573 726 564 732 560 735 531 735 527 731 521 727 520 727 519 727 450 727 449 727 448 727 438 730 426 736 384 736 374 729 370 728 369 728 368 728 352 729 317 735 304 729 298 727 297 727 244 727 243 727 234 729 208 735 196 729 195 729 194 729 193 729 182 734 169 728 166 727 165 727 164 727 95 727 96 768"/></Shape>
	    <String CONTENT="tes les aultres du regne mondain miſerable,"
                    HPOS="95"
                    VPOS="726"
                    WIDTH="753"
                    HEIGHT="54"
                    WC="0.988096860952156"></String>
          </TextLine>

          
          
          <TextLine ID="eSc_line_eded1d9c"
                    TAGREFS="LT4281"
                    BASELINE="95 811 848 809" 
                    HPOS="94"
                    VPOS="769"
                    WIDTH="754"
                    HEIGHT="53">
            <Shape><Polygon POINTS="95 811 95 819 237 822 237 822 238 822 239 822 244 818 247 817 331 817 339 818 356 822 357 822 358 822 359 822 364 818 366 817 374 818 391 821 392 821 427 817 442 817 445 817 453 821 454 821 454 821 473 817 478 817 482 817 495 821 495 821 496 821 515 817 522 816 529 817 543 821 544 821 545 821 591 817 604 816 606 817 612 821 613 821 614 821 615 822 680 822 680 821 725 816 729 816 730 816 735 820 736 820 737 820 807 821 808 821 847 815 848 809 847 775 825 769 824 769 823 769 759 770 758 770 757 770 749 775 746 777 740 775 725 770 725 770 724 770 692 774 659 769 658 769 630 775 630 775 628 775 576 770 576 770 575 770 574 770 567 775 565 776 559 775 531 772 530 772 512 776 500 777 495 776 485 771 484 771 483 771 482 771 473 776 466 779 408 779 398 776 386 772 385 772 384 772 360 776 342 778 336 776 325 770 324 770 323 770 298 776 286 779 245 779 240 776 228 770 227 770 226 770 225 770 207 776 205 777 203 776 190 770 189 770 125 770 124 770 94 776 95 811"/></Shape>
	    <String CONTENT="deſquelles vous ne aultre ne tiraſtes iamais"
                    HPOS="94"
                    VPOS="769"
                    WIDTH="754"
                    HEIGHT="53"
                    WC="0.990809173746543"></String>
          </TextLine>

          
          
          <TextLine ID="eSc_line_716d6080"
                    TAGREFS="LT4281"
                    BASELINE="96 854 848 851" 
                    HPOS="95"
                    VPOS="812"
                    WIDTH="753"
                    HEIGHT="55">
            <Shape><Polygon POINTS="96 854 96 861 108 867 108 867 109 867 214 861 218 861 221 861 334 867 335 867 336 867 353 860 355 860 373 860 513 865 514 865 515 865 528 860 529 860 537 860 751 865 752 865 784 859 786 859 786 859 800 865 800 865 801 866 837 866 837 865 838 865 839 865 848 859 848 851 846 820 811 820 797 812 796 812 795 812 761 817 742 813 741 813 740 813 739 813 719 819 705 812 704 812 703 812 664 817 636 812 635 812 634 812 633 812 623 819 571 818 565 813 564 813 563 813 563 813 520 815 519 815 518 815 509 820 486 816 485 816 484 816 474 820 459 813 458 813 457 813 456 813 431 820 409 815 408 815 407 815 407 815 393 820 366 814 366 814 305 819 286 814 285 814 284 814 284 814 283 814 274 819 194 814 193 814 192 814 191 814 181 822 155 822 145 816 144 816 143 816 142 816 95 822 96 854"/></Shape>
	    <String CONTENT="aulcun fruict, fors de ſcandalle &amp; perdition des"
                    HPOS="95"
                    VPOS="812"
                    WIDTH="753"
                    HEIGHT="55"
                    WC="0.979804450025161"></String>
          </TextLine>

          
          
          <TextLine ID="eSc_line_1b85d0d7"
                    TAGREFS="LT4281"
                    BASELINE="96 898 389 895 847 898" 
                    HPOS="96"
                    VPOS="859"
                    WIDTH="751"
                    HEIGHT="51">
            <Shape><Polygon POINTS="96 898 96 910 177 910 177 909 178 909 179 909 185 905 192 909 193 909 194 909 195 909 196 909 196 909 204 904 241 908 242 908 243 908 245 908 325 904 332 908 335 909 336 909 337 909 374 907 437 905 461 907 485 909 486 909 487 909 495 906 504 904 637 904 646 905 663 909 664 909 689 905 701 904 713 905 739 908 739 908 740 908 751 905 755 904 762 905 783 908 784 908 846 904 847 898 846 867 821 862 820 862 820 862 802 866 801 867 622 867 619 865 603 859 602 859 601 859 600 859 586 865 569 860 569 860 568 860 567 860 556 865 552 866 544 865 515 859 443 859 442 859 441 859 430 864 400 859 399 859 398 859 386 864 380 866 374 864 360 859 359 859 337 859 336 859 335 859 334 859 327 864 325 865 318 864 305 859 304 859 303 859 302 859 291 864 290 864 281 859 280 859 279 859 244 864 231 865 225 863 211 859 210 859 210 859 96 862 96 898"/></Shape>
	    <String CONTENT="ames. Vous ſuppliant tous &amp; toutes au Nom"
                    HPOS="96"
                    VPOS="859"
                    WIDTH="751"
                    HEIGHT="51"
                    WC="0.988511799312219"></String>
          </TextLine>

          
          
          <TextLine ID="eSc_line_61291175"
                    TAGREFS="LT4281"
                    BASELINE="97 940 848 940" 
                    HPOS="97"
                    VPOS="901"
                    WIDTH="751"
                    HEIGHT="53">
            <Shape><Polygon POINTS="97 940 97 947 131 954 132 954 174 950 235 954 236 954 237 954 248 949 251 948 276 948 278 949 289 954 290 954 291 954 363 950 402 948 488 948 496 952 502 953 502 953 503 953 516 952 529 950 531 952 535 954 535 954 536 954 537 954 555 952 582 948 616 952 631 954 632 954 670 953 790 948 846 954 848 940 848 907 830 901 829 901 693 901 692 901 692 901 678 906 660 901 659 901 590 901 590 901 589 901 588 901 581 905 568 901 567 901 566 901 481 906 470 901 469 901 468 901 441 907 358 907 327 901 326 901 325 901 316 906 250 906 230 901 230 901 229 901 202 906 183 901 182 901 181 901 180 901 179 901 171 906 122 902 121 902 97 906 97 940"/></Shape>
	    <String CONTENT="de noſtre Seigneur Ieſus Chriſt: que combien"
                    HPOS="97"
                    VPOS="901"
                    WIDTH="751"
                    HEIGHT="53"
                    WC="0.996077530763366"></String>
          </TextLine>

          
          
          <TextLine ID="eSc_line_c34518ff"
                    TAGREFS="LT4281"
                    BASELINE="99 986 845 982" 
                    HPOS="98"
                    VPOS="944"
                    WIDTH="747"
                    HEIGHT="57">
            <Shape><Polygon POINTS="99 986 99 1001 133 1000 134 1000 150 993 225 1000 226 1000 227 1000 228 1000 240 993 285 993 379 998 379 998 380 998 381 998 390 993 426 993 460 1000 461 1000 462 1000 464 1000 511 992 535 996 536 996 581 993 593 999 594 999 595 999 596 999 617 993 632 997 633 997 634 997 635 997 636 997 644 992 673 997 674 997 675 997 694 991 708 996 709 996 710 996 735 991 745 995 746 995 843 997 845 982 843 952 767 952 757 944 756 944 755 944 754 944 685 951 668 945 667 945 666 945 665 945 664 945 655 952 607 945 606 945 605 945 590 950 583 945 582 945 581 945 483 945 482 945 393 952 384 946 383 946 382 946 336 946 335 946 334 946 311 952 279 946 216 946 215 946 214 946 201 953 177 950 176 950 98 954 99 986"/></Shape>
	    <String CONTENT="que le preſent ſoit bien petit: le reffus d&#x27;iceluy"
                    HPOS="98"
                    VPOS="944"
                    WIDTH="747"
                    HEIGHT="57"
                    WC="0.97501206154726"></String>
          </TextLine>

          
          
          <TextLine ID="eSc_line_b0eaf1b4"
                    TAGREFS="LT4281"
                    BASELINE="99 1029 846 1026" 
                    HPOS="98"
                    VPOS="986"
                    WIDTH="748"
                    HEIGHT="56">
            <Shape><Polygon POINTS="99 1029 99 1038 107 1042 108 1042 108 1042 109 1042 128 1037 130 1037 145 1037 272 1042 273 1042 274 1042 283 1038 286 1036 326 1038 396 1041 397 1041 398 1041 399 1041 403 1038 407 1036 520 1039 602 1040 603 1040 603 1040 604 1040 606 1039 612 1035 637 1035 644 1040 645 1040 646 1040 647 1040 648 1040 655 1040 678 1034 692 1040 692 1040 693 1040 694 1040 702 1040 782 1034 790 1040 791 1040 792 1040 793 1040 845 1040 846 1026 844 997 802 991 801 991 800 991 800 991 790 997 762 997 743 986 742 986 741 986 635 991 617 986 616 986 615 986 614 986 598 993 555 988 554 988 553 988 523 996 512 990 511 990 510 990 509 990 508 990 498 998 471 998 447 989 446 989 445 989 354 992 285 987 284 987 244 988 244 988 223 999 184 991 183 991 183 991 160 1000 98 1000 99 1029"/></Shape>
	    <String CONTENT="ne ſoit cauſe de prouoquer l&#x27;ire de Dieu ſur"
                    HPOS="98"
                    VPOS="986"
                    WIDTH="748"
                    HEIGHT="56"
                    WC="0.979188797148791"></String>
          </TextLine>

          
          
          <TextLine ID="eSc_line_15e60899"
                    TAGREFS="LT4281"
                    BASELINE="101 1071 847 1071" 
                    HPOS="101"
                    VPOS="1034"
                    WIDTH="746"
                    HEIGHT="53">
            <Shape><Polygon POINTS="101 1071 101 1080 115 1086 116 1086 117 1086 147 1081 148 1081 171 1086 172 1087 200 1087 200 1086 201 1086 202 1086 209 1081 211 1081 236 1086 237 1087 282 1087 282 1086 283 1086 291 1081 293 1081 297 1081 309 1086 310 1086 311 1087 364 1087 364 1086 365 1086 373 1082 376 1081 397 1082 433 1086 434 1086 453 1083 462 1081 473 1083 489 1086 490 1086 491 1086 500 1083 510 1081 576 1081 585 1084 590 1086 590 1086 591 1087 591 1086 592 1086 597 1084 605 1081 651 1085 669 1086 670 1086 689 1085 757 1081 780 1086 782 1086 783 1086 786 1086 815 1081 846 1086 847 1071 847 1036 820 1034 820 1034 819 1034 814 1036 795 1045 712 1045 699 1037 693 1034 692 1034 621 1034 620 1034 619 1034 609 1039 606 1040 604 1039 599 1034 598 1034 597 1034 542 1034 542 1034 541 1034 540 1034 533 1040 525 1044 485 1040 478 1040 477 1040 473 1040 451 1044 446 1040 441 1037 440 1037 440 1037 410 1034 409 1034 381 1040 371 1034 370 1034 304 1034 303 1034 302 1034 281 1042 276 1044 262 1042 217 1037 217 1037 216 1037 215 1037 206 1043 204 1045 177 1045 176 1043 169 1039 169 1039 168 1039 167 1039 166 1039 165 1039 158 1044 157 1045 101 1045 101 1071"/></Shape>
	    <String CONTENT="vous, &amp; que pendant que la lumiere vous eſt"
                    HPOS="101"
                    VPOS="1034"
                    WIDTH="746"
                    HEIGHT="53"
                    WC="0.99068204469459"></String>
          </TextLine>

          
          
          <TextLine ID="eSc_line_1b3e9aa7"
                    TAGREFS="LT4281"
                    BASELINE="100 1115 845 1113" 
                    HPOS="99"
                    VPOS="1077"
                    WIDTH="746"
                    HEIGHT="51">
            <Shape><Polygon POINTS="100 1115 100 1123 208 1123 214 1123 253 1128 254 1128 255 1128 274 1123 277 1123 336 1123 337 1123 343 1128 344 1128 345 1128 346 1128 372 1123 379 1122 388 1123 418 1128 419 1128 452 1128 452 1128 453 1128 461 1123 463 1122 468 1123 487 1128 488 1128 488 1128 501 1123 504 1122 599 1122 603 1123 613 1127 614 1127 615 1127 616 1127 629 1123 635 1121 644 1123 667 1127 668 1127 693 1123 698 1122 704 1123 723 1127 724 1127 844 1122 845 1113 843 1088 730 1088 714 1079 713 1079 712 1079 676 1083 640 1077 639 1077 638 1077 637 1077 624 1088 601 1088 586 1078 585 1078 584 1078 583 1078 583 1078 568 1083 518 1078 517 1078 516 1078 515 1078 504 1087 474 1088 454 1079 454 1079 421 1078 420 1078 420 1078 393 1088 382 1081 381 1081 380 1081 348 1078 347 1078 325 1082 312 1079 312 1079 311 1079 310 1079 289 1089 200 1089 183 1081 182 1081 138 1079 137 1079 136 1079 99 1089 100 1115"/></Shape>
	    <String CONTENT="offerte: qu’en la recepuant &amp; cheminantz en i¬"
                    HPOS="99"
                    VPOS="1077"
                    WIDTH="746"
                    HEIGHT="51"
                    WC="0.976002001244089"></String>
          </TextLine>

          
          
          <TextLine ID="eSc_line_8854d0cf"
                    TAGREFS="LT4281"
                    BASELINE="100 1158 850 1158" 
                    HPOS="100"
                    VPOS="1123"
                    WIDTH="750"
                    HEIGHT="48">
            <Shape><Polygon POINTS="100 1158 100 1171 849 1170 850 1158 848 1126 753 1131 742 1127 734 1123 733 1123 732 1123 709 1127 690 1129 678 1127 664 1123 664 1123 663 1123 662 1123 661 1123 656 1127 648 1132 576 1132 565 1128 552 1123 551 1123 474 1123 473 1123 472 1123 471 1123 465 1128 450 1123 449 1123 448 1123 447 1123 426 1128 419 1131 345 1131 339 1129 331 1127 330 1127 329 1127 308 1130 298 1131 297 1130 287 1123 286 1123 285 1123 267 1123 266 1123 265 1123 264 1123 254 1130 252 1131 244 1130 204 1125 203 1125 171 1131 169 1131 168 1131 147 1124 146 1124 145 1124 144 1124 143 1124 134 1131 133 1132 100 1132 100 1158"/></Shape>
	    <String CONTENT="celle, Ieh.8.12. vous vous leuiez du ſommeil"
                    HPOS="100"
                    VPOS="1123"
                    WIDTH="750"
                    HEIGHT="48"
                    WC="0.96468363480365"></String>
          </TextLine>

          
          
          <TextLine ID="eSc_line_3bdef0b9"
                    TAGREFS="LT4281"
                    BASELINE="99 1202 849 1199" 
                    HPOS="98"
                    VPOS="1169"
                    WIDTH="751"
                    HEIGHT="47">
            <Shape><Polygon POINTS="99 1202 99 1209 131 1216 132 1216 133 1216 152 1209 155 1209 157 1209 176 1214 177 1214 302 1209 318 1209 320 1209 337 1214 338 1214 339 1214 339 1214 347 1209 351 1209 387 1209 393 1209 415 1215 416 1215 442 1209 448 1209 459 1209 499 1214 500 1214 525 1209 531 1209 534 1209 547 1215 548 1215 549 1216 598 1216 598 1215 599 1215 615 1209 617 1209 621 1209 639 1214 640 1214 641 1214 848 1209 849 1199 848 1176 635 1176 634 1176 621 1169 620 1169 619 1169 618 1169 600 1176 597 1176 594 1176 576 1169 576 1169 522 1169 521 1169 520 1169 507 1176 503 1176 499 1176 479 1169 478 1169 459 1169 458 1169 457 1169 456 1169 448 1175 446 1176 434 1175 394 1170 393 1170 362 1175 355 1176 347 1175 309 1170 308 1170 307 1170 294 1175 285 1178 264 1178 257 1175 250 1170 249 1170 248 1170 217 1175 214 1175 212 1175 196 1170 195 1170 194 1170 175 1175 162 1177 149 1175 130 1170 129 1170 98 1174 99 1202"/></Shape>
	    <String CONTENT="des tenebres d’erreur. Rom.13. &amp; qu’auant iu¬"
                    HPOS="98"
                    VPOS="1169"
                    WIDTH="751"
                    HEIGHT="47"
                    WC="0.976710535909819"></String>
          </TextLine>

          
          
          <TextLine ID="eSc_line_4a0c1679"
                    TAGREFS="LT4281"
                    BASELINE="106 1246 852 1244" 
                    HPOS="105"
                    VPOS="1211"
                    WIDTH="747"
                    HEIGHT="48">
            <Shape><Polygon POINTS="106 1246 106 1259 137 1259 137 1258 138 1258 139 1258 147 1253 262 1253 275 1258 276 1258 277 1258 278 1258 298 1258 495 1252 539 1257 540 1257 541 1257 550 1252 557 1257 558 1257 559 1257 560 1257 563 1257 589 1252 651 1257 652 1257 653 1257 654 1257 671 1253 676 1257 677 1257 678 1257 678 1257 679 1257 686 1257 712 1253 717 1257 718 1257 719 1257 719 1257 720 1257 852 1256 852 1244 850 1211 766 1211 765 1211 760 1212 734 1218 709 1213 701 1211 700 1211 699 1211 695 1213 680 1219 661 1219 652 1213 650 1211 649 1211 648 1211 647 1211 633 1214 609 1219 486 1219 480 1216 474 1212 473 1212 424 1212 423 1212 422 1212 408 1216 399 1219 384 1216 369 1215 368 1215 330 1217 317 1218 312 1217 276 1212 275 1212 274 1212 273 1212 264 1218 261 1220 215 1220 213 1219 195 1213 194 1213 193 1213 192 1213 175 1219 175 1220 105 1220 106 1246"/></Shape>
	    <String CONTENT="ger: vous eſprouuiez bien toutes choſes. 1.Theſ"
                    HPOS="105"
                    VPOS="1211"
                    WIDTH="747"
                    HEIGHT="48"
                    WC="0.990246254464854"></String>
          </TextLine>

          
          
          <TextLine ID="eSc_line_06354326"
                    TAGREFS="LT4281"
                    BASELINE="100 1290 340 1287 850 1288" 
                    HPOS="99"
                    VPOS="1253"
                    WIDTH="751"
                    HEIGHT="48">
            <Shape><Polygon POINTS="100 1290 100 1301 136 1297 186 1300 187 1300 188 1300 200 1296 267 1300 268 1300 269 1300 288 1296 346 1300 346 1300 407 1296 848 1299 850 1288 848 1260 823 1260 821 1260 806 1253 805 1253 804 1253 753 1260 743 1261 739 1260 717 1254 716 1254 715 1254 685 1258 656 1254 655 1254 654 1254 632 1260 630 1261 627 1260 605 1254 604 1254 603 1254 503 1260 482 1254 481 1254 396 1254 395 1254 394 1254 366 1262 261 1262 244 1254 244 1254 243 1254 242 1254 217 1262 176 1262 135 1254 134 1254 99 1262 100 1290"/></Shape>
	    <String CONTENT="ſal.5. Car certes, ſi nous ne rions &amp; chantons"
                    HPOS="99"
                    VPOS="1253"
                    WIDTH="751"
                    HEIGHT="48"
                    WC="0.98851271005387"></String>
          </TextLine>

          
          
          <TextLine ID="eSc_line_bcd5acf4"
                    TAGREFS="LT4281"
                    BASELINE="101 1332 849 1331" 
                    HPOS="100"
                    VPOS="1297"
                    WIDTH="749"
                    HEIGHT="56">
            <Shape><Polygon POINTS="101 1332 101 1353 158 1352 159 1352 160 1352 177 1342 197 1345 198 1345 235 1338 244 1344 245 1344 246 1344 247 1344 272 1339 288 1345 289 1345 290 1345 359 1339 403 1344 404 1344 478 1341 488 1345 489 1345 490 1345 491 1345 520 1338 605 1342 606 1342 631 1337 652 1345 667 1351 668 1351 669 1352 692 1352 692 1351 692 1351 707 1344 715 1340 781 1340 793 1343 813 1349 814 1349 814 1349 848 1342 849 1331 847 1304 804 1304 801 1304 786 1297 786 1297 766 1297 766 1297 765 1297 764 1297 756 1304 754 1305 690 1305 686 1303 674 1297 673 1297 672 1297 671 1297 655 1303 649 1304 546 1302 407 1298 407 1298 406 1298 400 1301 392 1306 234 1306 223 1299 220 1298 219 1298 191 1298 190 1298 189 1298 186 1299 168 1305 156 1299 155 1298 154 1298 153 1298 100 1298 101 1332"/></Shape>
	    <String CONTENT="à droict en ce monde, il ne nous eſt promis en"
                    HPOS="100"
                    VPOS="1297"
                    WIDTH="749"
                    HEIGHT="56"
                    WC="0.966288852302924"></String>
          </TextLine>

          
          
          <TextLine ID="eSc_line_356c350a"
                    TAGREFS="LT4281"
                    BASELINE="102 1378 392 1374 850 1375" 
                    HPOS="101"
                    VPOS="1339"
                    WIDTH="749"
                    HEIGHT="69">
            <Shape><Polygon POINTS="102 1378 102 1408 162 1407 162 1407 185 1398 213 1404 214 1404 215 1404 237 1393 273 1404 274 1404 275 1404 307 1397 318 1402 318 1402 319 1402 320 1402 342 1393 401 1400 402 1400 486 1392 524 1399 525 1399 526 1399 547 1394 569 1403 572 1404 573 1404 574 1404 583 1402 630 1392 666 1399 667 1399 668 1399 669 1399 683 1389 699 1389 708 1394 709 1394 710 1394 711 1394 712 1394 712 1394 720 1389 747 1389 805 1399 816 1401 817 1401 818 1401 824 1399 835 1395 848 1399 850 1375 849 1349 814 1349 814 1348 782 1339 781 1339 715 1339 714 1339 713 1339 698 1347 694 1350 595 1350 587 1346 571 1340 570 1340 533 1340 532 1340 531 1340 530 1340 522 1345 517 1348 508 1345 491 1340 490 1340 489 1340 488 1340 471 1344 455 1350 423 1350 411 1344 400 1340 400 1340 399 1340 398 1340 385 1344 366 1351 277 1351 265 1343 263 1341 262 1341 261 1341 241 1341 240 1341 239 1341 236 1343 223 1350 192 1350 178 1342 176 1341 175 1341 174 1341 168 1342 149 1346 101 1342 102 1378"/></Shape>
	    <String CONTENT="I’aultre, fors que pleurs &amp; grincement de dẽtz."
                    HPOS="101"
                    VPOS="1339"
                    WIDTH="749"
                    HEIGHT="69"
                    WC="0.985995348542929"></String>
          </TextLine>

          
        </TextBlock>
        

        
      </PrintSpace>
    </Page>
  </Layout>
</alto>
