1024 1506
67 112 615 54 Que babiller pres des ſourdes ymages?

65 157 688 53 Vault il pas mieulx dire à Dieu voz ſecretz

66 199 611 53 Qu’à vn grand tas d’idiotz indiſcretz?

64 243 690 54 Qu’eſt il meilleur, ou au paouure & debile

58 286 718 54 Donner habitz, pain, vin, chandelle & huille,

60 331 745 52 Ou aux marmotz d’or, d’argent, pierre ou bois:

58 373 742 56 L'honneur deſquelz Dieu deffend tant de fois?

59 418 633 52 Mais vous direz (ſelon voz phantaſies)

61 460 665 54 Que c’eſt aux ſainctz, non à leurs effigies,

61 505 617 47 Ou vous faiſiez voz vœuz & oraiſons,

61 548 590 51 Qui ne ſont pas ſouffiſantes raiſons:

58 591 623 53 Ainſi qu’oyez par la ſaincte Eſcripture

60 635 750 46 Dõt voz Preſcheurs tous les iours fõt lecture.

58 677 751 53 Dieu vous gard donq (mes dames ) Dieu vous

58 721 752 53 Et vueille auoir à vous & moy regard. (gard,

59 765 752 51 I'euſſe encor dit vn Dieu gard aux Chanoynes,

58 809 750 50 Caphardz, Nonnains & aux Preſtres & Moy¬

57 850 756 53 Et ſalué leur Chapitre en commun: (nes,

59 895 622 51 Mais ſans faillir ie n’en ay veu pas vn.

58 937 707 53 Auſsi (pour vray) queleun m’a faict à croire

61 981 664 51 Qu’ilz ſont allez ailleurs tenir leur foire.

60 1024 665 51 Dont ſuis marry ne les veoir au beſoing,

63 1065 750 56 Pour ce qu’on dict qu’ilz ſõt gẽs de bien loing.

62 1111 756 54 Ce non obſtant: Dieu leur doint à congnoiſtre

64 1153 643 55 Qu'eſt de Preſtriſe & l’office de Preſtre,

65 1198 648 54 Voire uultrement que le Pape n’eſcript.

61 1240 665 61 Et doint à tous vn cœur en Ieſus Chriſt.

326 1283 208 61 Ainſi ſoit il.

160 60 523 47 RE SIOVYSSANCE.

766 72 58 48 179

807 175 113 55 plal 1r¬

802 243 113 53 M2t.25.

813 387 102 43 E10.10.

807 423 7 53 I

821 995 109 52 Ieh.4.c.

578 1327 55 63 m
