1110 1578
64 173 626 56 Du grand chemin, qui cauſe le diuorce

62 218 734 59 De l’hõme & luy: pour croire à ce mocqueur.

149 304 514 55 La 33. Chanſon, ſur le chant, de:

81 347 668 64 Viure ne puis content ſans ſa preſence, &c.

145 431 600 59 Iure ne puis content, ſans la preſence

144 478 606 58 De Ieſus Chriſt, lequel ie vien à veoir

55 523 626 60 Par ſes Eſcriptz: qui me font recepuoir

50 571 621 54 Contentement, & viure en eſperance.

50 652 747 60 C'eſt vn grand heur d’auoir ſa congnoiſſance,

45 698 634 55 Car luy ſeul eſt plein de Diuin ſcauoir:

42 744 634 52 Et en monſtrant ſon ſupreme pouuoir

42 785 640 56 La terre emplit de biens en abondance.

45 874 585 52 Ie prie à tous d’auoir en reuerence¬

43 920 625 48 Son treshault Nom & le ramenteuoir.

43 962 582 53 Le mereyant de ce qu’il vient auoir

42 1005 647 58 Pitié de nous, ſans punir noſtre offence.

131 1091 527 54 La3 4. Chanſon, ſur le chant, de:

71 1137 704 61 Las, uoulez uous qu’une perſonne chante, &c.

110 1221 673 66 As, voulez vous qu'vne perſonne chante

111 1270 593 56 Folles chanſons dont ſe deuſt retirer?

40 1314 595 53 Paictes chanter la muſique plaiſante

40 1357 618 65 Dont Dieu iadis veint Dauid inſpirer:

170 116 530 57 RESIOV YSSANCE.

52 431 90 105 V

766 120 74 70 27

797 496 136 59 Gal.3.4.

797 716 135 45 coloſſ.1.a

798 908 129 54 Phili.2.d.

38 1219 75 111 L

790 1318 129 97 tphe ta
