1014 1500
177 54 68 55 198

325 50 459 50 CHRESTIENNE

195 266 72 124 L

193 663 47 110 I

191 99 670 61 Pour quoy? Car n’ont pas froit aux dentz

189 145 503 61 Eſt il pas vray noble Princeſſe?

423 240 186 50 Quatrain.

266 278 644 59 'Eſprit de Dieu n’ourrit plus que le pain.

200 362 667 59 L'eſprit de Dieu remplit ce lieu mondain.

270 325 676 56 L’eſprit de Dieu donne tous bons moyens.

199 410 606 57 Dieu, en Fſprit, eſt au milieu des ſiens.

195 490 749 66 Epiſtre de l'Autheur, A noble & Chreſtiẽne Da

236 540 677 58 moyſelle: Marguerite de ſainct Simon en

326 585 484 57 Xaintõge: iadis ſon eſcolliere.

240 663 501 69 E te ſalue O noble Damoyſelle.

238 717 485 53 Ie te ſalue ores ainſi que celle:

199 760 604 57 Que i'ayme plus que ie ne feis iamais

198 805 679 55 Croy le au iour dhuy car ie le te prometz.

195 850 662 55 Et ſi tu veulx ſcauoir pour quoy abſent

195 891 725 57 A tant t'aymer mon cœur du tout conſent?

196 936 632 55 Eſcoute vn peu la cauſe pour quoy c’eſt

223 981 604 55 I’ay entendu par quelc'un qui le ſcait

195 1022 583 59 Qui me la dict en langue familliere,

195 1065 594 60 Que toy qui fus iadis mon eſcolliere

197 1103 738 67 Auois prins Chriſt pour ton ſingulier maiſtre,

196 1153 704 55 Tant & ſi bien que chaſcun pouuoit metre

194 1197 589 54 Eſpoir en Dieu: que ſans eſtre pollue

191 1243 591 49 Le createur t’auoit pour ſoy eſleué,

192 1285 638 61 Voire, & ton pere & ta mere & tes freres

858 1334 84 53 auec

57 337 126 55 Matt.4.a

57 380 131 43 Ieh.3.a.

57 412 123 37 act 2.abc

57 442 131 47 Matt.18 c

56 1117 130 84 Mat.23 a.
