1008 1550
781 82 53 59 223

155 75 542 58 RESIOVYSSANCE.

52 125 771 60 hors l’eſtat de mariage, & d’vn grad tas d’aultres

50 173 769 55 charges & peſantz faictz: que les faulx docteurs,

51 217 769 53 heretiques & ſeducteurs leur ont enioinct &

46 260 767 53 commandé: (ſans qu’ilz les touchent de l’vn de

50 303 756 53 leurs doigtz) En ce croiſans & faiſans comme

50 346 757 52 eſt dict deſſus: ſeront pleinement diſpenſez, de

49 390 756 57 delaiſſer toutes ces choſes: leſquelles certes

49 438 755 50 nous meſmes auons en horreur & execration

51 478 752 52 grandement, d’autant que noſtre aduerſaire &

51 517 748 59 grand ennemy, l’homme de peché & filz de per

43 556 756 65 dition qui ſ’eſleue ſur nous: les a inſtituées &

45 607 753 53 miſer ſus de ſon propre mouuement, & ſans

46 651 751 51 que iamais ayons donné charge a aulcun de

43 694 753 48 noz ſectetaires, d’eſcripre n’inferer aulcunes

43 736 753 54 de ces badineries & facõs de faire: aux regeſtres

41 781 757 49 de noſtre Court ſouueraine, comme encore biẽ

39 823 759 57 apert par la coppie d’iceulx fidellement eſcripte

38 868 758 53 audict liure appelle la Bible: lequel ne cõtient

38 912 740 52 rien de tout cella, ains pluſtoſt y eſt par nous e¬

36 949 747 68 ſtroictement deffendu: que nul ne ſoit ſi hardi

36 998 443 57 d’y adiouſter ou diminuer.

35 1085 741 68 Planiere remiſſion aux deſtru

33 1153 394 81 cteurs des ydoles.

72 1263 709 56 Item, en pourſuyuant la conqueſte ſuſdicte:

27 1308 755 62 du Royaulme de noſtre dict treſcher & bien

635 1358 40 74 P

817 286 113 66 Luc.11.f.

807 514 123 64 2.Theſ.2.

808 561 79 57 a.b.c.

797 917 119 57 Ioſu.1.b.

796 958 122 48 Deut.4.a

794 992 128 64 Apo.22.d.
