1014 1500
153 70 67 38 100

38 127 127 79 1e6L.2...

167 101 652 59 Mettant à part tout orgueil & boubance,

180 147 615 59 Te ſouuenant que la nobleſſe humaine

168 190 532 55 Et la richeſſe eſt vne choſe vaine,

168 235 561 55 Et que Ieſus noſtre Roy ſouuerain

170 276 623 58 N’extime plus vn noble qu’vn villain,

175 320 613 55 Touchant l’affaire & matiere de l’ame,

199 362 660 56 Car Iezabel eſtoit Royne & grand dame,

175 405 651 58 Mais tout ſon bien & ſa grand parentelle

180 450 595 57 N’ont empeſché l’ire de Dieu ſur elle.

202 494 588 56 Or pourſuis donq en toute humilitd

175 540 538 52 Le riche pris deuant toy appreſté.

178 582 560 49 En oubliant toutes choſes paſſées,

177 624 659 53 Pour mettre en Dieu tes deſirs & penſées

178 666 601 55 Par le moyen de Ieſus Chriſt ſon filz.

207 710 710 58 Car ie t’eſcriptz ce pour tes grandz proffitz.

182 754 607 54 T’aduertiſſant & te venant ſemondre

182 796 744 60 Pour ton grand bien, & non pour te cõfondre.

185 841 627 59 Scachant auſsi par le rapport de maintz

182 887 686 53 Que toute brague as mis hors de tes mains.

181 930 588 56 Et qu’en l’habit d’vne fidelle femme

187 972 712 58 Tu te maintiens: dont ſuis aiſe en mon ame.

187 1014 615 56 Car tu fais ce ſuyuant le ſaindt Eſcript

191 1056 666 60 De Pierre & Paul ſeruans de Ieſus Chriſt.

187 1105 552 51 Dont m’eſiouys & m’en eſiouyray

185 1146 677 55 Enuers Dieu ſeul tant qu’au monde ſeray.

186 1190 599 54 Et de tous ceulx & celles qui leur foy

195 1237 592 51 Declaireront par œuures comme toy:

192 1278 653 66 Donnant ſecours aux paouures affligez.

315 56 434 49 GHRESTIENNE

40 445 123 50 2.RO.7.

33 480 44 51 8

45 572 122 52 phil. 3.6.

46 846 127 64 4co.4.6

57 1049 123 42 4.pier.3.a

56 1084 125 47 1Tl.A.e.d

57 1220 113 62 Iae2a.

62 1272 114 41 Ebr.i3.2

847 1319 90 67 Fuys
