996 1506
749 53 47 64 173

137 48 508 57 RESIOVYSSANCE.

52 102 445 57 Se diſans eſtre Euangeliſtes.

50 189 529 56 Voy la que diront ces Thomiſtes.

44 235 515 48 Non non, ce diſoit l’aultre alors,

41 278 610 54 Si Chriſt, comme ont dict ces Papiſtes,

40 322 537 53 Eſtoit en leur boeſte en ſon corps:

43 365 475 54 Que n’a il monſtré ſes effortz

39 411 541 51 Contre cil qui l’eſt venu prendre?

35 452 527 55 Et, qu’eſt pis, ie ne puis entendre:

35 496 572 48 Comment peuſt eſtre en vne boeſte

35 541 595 52 Vn corps ſi parfaict en tout membre,

32 582 549 51 Lequel, comme Dauid remembre,

30 624 545 54 N'eſt ſubiect à vers n’aultre beſte.

28 711 554 53 Or, ſi vn Rat, Mouſche ou Bellette

27 758 533 51 Ttrouue ce Dieu deſſus nommé:

24 804 469 51 Il luy rongera corps & teſte,

22 845 511 51 Tant qu’il l’aye tout conſumé.

20 890 545 50 Parquoy le tout au vray ſommé:

17 935 534 51 Ie croy que Dieu nous illumine

14 974 458 52 De veoir rober ceſte farine,

14 1016 427 52 Et ceſte paſte tant debile.

10 1059 585 53 Laiſſons la donq, & qu’on ſ'encline

14 1101 542 56 D’adorer Chriſt: ou nous aſsigne

11 1147 508 55 Noſtre Creance & l’Euangile.

12 1235 513 55 Ainſi, pluſieurs gens de la ville

15 1285 553 52 Murmuroyent tout ſecretement.

785 334 133 54 Act.17.e f

781 585 135 58 Pſal.16.b

783 876 107 45 Act.2.d.

776 1101 131 46 Ebri.9.f g

780 1137 126 50 Ieh.4.c.
