1016 1508
389 56 321 52 LA TABLE.

194 639 75 106 L

194 113 511 57 Laudate Dominum: mes amys.

316 195 482 61 Fin de la Table, de la premiere

416 245 299 53 partie: de ce Liure.

189 359 750 73 S'ENSVIT LA TABLE DES

263 427 590 61 choſes contenues, en la ſeconde par¬

372 475 374 57 tie: de ce preſent Liure.

413 562 303 57 Et premierement.

265 624 676 69 'Oraiſon des ydolatres. 168.

266 676 670 60 Les articles de la foy du dieu de paſte. 169

193 724 750 55 La coppie de L’inſtrument, de la perte du dict

217 767 721 56 Dieu: de paſte. 170.

188 808 748 62 Dixain ſur le dict propos. 175.

189 855 749 58 Epitaphe de feu M. Pierre de Cornibus. 175.

190 900 752 55 Recit, du train des Prelatz Papiſtiques. 176.

188 943 748 58 Le Dieu gard, de l'Autheur. 178.

188 988 746 53 Louable ordonnance. 180.

188 1031 755 54 Douzain de ſainct Paul. 180.

187 1073 758 63 Dixain, ſur vn propos: du Leuitique 19. 181.

187 1118 754 56 Dixain, à vne ieune mariée. 181.

191 1159 749 58 Huictain, ſur vn propos, du Pſal. 92. 182.

191 1207 695 48 Huictain, de l’Autheur: admonneſtant tous

222 1249 714 50 Princes 182.

193 1285 748 78 Huictain, à vn voiſin de l'Autheur. 183.

819 1342 123 61 Action
