1014 1536
183 106 35 54 6

325 109 450 47 CHRESTIENNE

201 647 95 97 M

204 152 726 60 Que tout ſon bien en peu de temps ne menge:

205 203 730 56 Quand ſi puiſſant qu’vn Empereur ſeroit. 2.

212 280 668 55 Trop aymer Dieu nul homme ne pourroit

202 325 667 57 Mais paillarder ne plaict à Dieu n’à Ange.

201 372 670 52 Et briefuement: ce n’eſt rien qu’vne fange

198 412 690 62 Là ou iamais net on ne ſe verroit. 2.

308 503 494 48 La 8. Chanſon, ſur le chant, de:

248 549 623 58 Vn grand plaiſir Cupido me donna, &c.

298 631 621 71 Aint grand aſſault la chair ſi me donna

300 684 573 59 Auant que Dieu m'euſt à ſoy attiré,

194 733 629 50 Et tout le temps qu’auec moy ſeiourna

195 774 580 46 Pluſieurs malheurs d'icelle i'ay tiré.

202 815 586 55 Mais Chriſt l'a ſceu: qui m'en a retiré

195 863 666 51 Pour eſtre ſien de cœur, de corps & d’ame,

194 902 674 51 Dont ne me ſens de rien plus martiré 2.

192 948 722 56 Que d’auoir tant commis vers luy de blaſme.

192 1028 610 58 Car ie ſuis ſeur que lors qu’il ordonna

193 1077 584 52 Qu’il ne ſeroit plus contre moy yré:

188 1122 649 53 I’auoys gaigné Enfer, comme vn qui n’a

186 1165 627 51 Faict que tout mal & touſiours empiré.

186 1209 567 51 Mais moy ayant apres luy ſouſpiré

186 1250 589 53 M’a diſperſé de ſa grace vne dragme,

184 1285 733 65 Et mon plaiſir en luy ſeul a viré 2.

183 1335 702 67 Dont l’ayme mieux qu’icelle chair infame.

66 152 127 60 Pro.6.c.d

64 288 124 52 Mat 22.d

67 332 123 54 Nobr.25.

65 634 125 51 Gal.5.c.d

57 820 126 58 Mat.11.d.

57 910 113 51 Pſal.51.a

55 1116 123 41 Luc15.c.

53 1151 94 47 d.e.I.g.

895 1378 46 55 Si
