1000 1536
179 70 41 66 32

317 68 452 51 CHRESTIENNE

195 258 80 92 T

300 119 523 54 La 40. Chanſon, ſur le chant, de:

197 161 735 74 Triſtes penſers: à mes yeulx donnez treſue, &c.

273 248 606 60 Riſtes penſers: ie vous donne la treſue

280 293 549 56 Retirez vous arriere de mon cœur:

192 338 649 55 Et donnez lieu à Ieſus mon vaincqueur

194 384 736 57 Qui a ſouffert pour moy la mort treſgriefue. 2.

192 469 544 56 Cil qui le loge en follies ne reſue:

191 519 632 53 Ains penſe en luy, recepuant la liqueur

189 563 661 50 De ſon pur ſang ſans regret ne rancueur,

193 605 735 58 Dont en repos ſes iours au monde acheue. 2.

187 694 674 54 Et ſi congnoit que la vengence eſt briefue

187 740 672 51 Sur les meſchans remplis d’aſpre rigueur:

192 785 644 49 Qui en ſa foy ne prennent leur vigueur.

194 825 712 53 Car ſans la foy tout ne vault vne febue. 2.

278 910 540 55 La 41. Chanſon, ſur le chant, de:

213 956 677 62 Plaiſir n’ay plus, mais uy en deſconfort, &c.

239 1046 697 53 Laiſir n’ay plus fors quand penſe à la mort

247 1085 687 61 De Ieſus Chriſt mõ ſeul puiſſant ſaulueur.

183 1137 582 49 Car par cella à l’aymer prens ſaueur

186 1173 676 67 Ne craignant plus la mort qui l’ame mord.

182 1263 652 55 Si on me dict: pourquoy ie prens confort

186 1310 664 74 En ſon torment? ie dy que tout malheur

181 1054 69 92 P

61 260 127 48 Rom.8 fg

59 605 111 43 Luc 2c.

53 824 129 50 Ebr.11.a.b

49 1171 136 60 1.cor.15.g

816 1349 116 87 M'ap¬
