1010 1538
180 85 37 57 4

338 92 448 51 CHRESTIENNE

201 279 66 108 D

321 146 479 56 La 5. chanſon, ſur le chant de:

264 199 583 53 D'amours me ua tout au rebours, &c.

280 279 482 58 'Amours ne me va au rebours:

196 375 485 48 Pour en iouyr à mon ſecours,

283 326 511 57 Car Ieſus ſon corps me preſente,

190 415 458 50 Si de ſa Foy ie ne m’abſente.

191 462 548 51 C’eſt la cauſe pourquoy ie chante:

189 506 513 45 D’amours ne me va au rebours.

190 549 513 52 Au rebours ne me va d’amours.

191 629 612 59 Aux courtz des Princes tous les iours

191 680 496 49 Iadis ie chantois ſans attente:

188 725 581 49 Des amours ou n’a que faulx tours,

193 767 479 48 Qui eſt vne choſe meſchante.

206 804 598 53 D'ainſi chanter maintz baillent rente

196 854 623 48 Aux courtz des Princes tous les iours,

200 898 619 52 Tous les iours aux Princes des courtz.

306 980 488 54 La 6. chanſon, ſur le chant, de:

223 1027 652 62 De bien aymer les Dames ie ne blaſme, &c.

273 1108 594 62 E bien aymer les Dames le ne blaſme

276 1158 642 62 D'amour chreſtienne & vertueuſement.

198 1203 742 51 Car Dieu a dict: que ſoit hõme, ou ſoit femme

198 1247 742 60 Qu’on ſ’ayme bien, nõ point d’amour infame,

191 1295 654 53 Ainſi que font pluſieurs lubricquement:

195 1340 589 60 Mais de cœur pur & charitablement,

198 1121 62 99 D

67 333 120 70 Mat.11.d.

69 807 121 60 Amos 6.a

67 849 26 46 b.

69 886 101 49 Iſa 5.c.

67 1209 114 42 Exod.20.

67 1239 118 52 Mat.22.d

894 1383 51 50 Se
