992 1546
814 133 36 59 53

181 120 538 62 RESIOVYSSANCE.

94 588 62 96 F

94 175 516 61 Ains bien pluſtoſt pert & perille

97 224 466 55 Toute femme qui ſ'y delecte,

95 267 479 55 A qui vaine beaulté faict feſte

92 306 718 66 Et à ſon aureille fretille. 2.

202 444 524 56 La 68. Chanſon, ſur le chant, de:

121 487 692 64 Faict ou failly, ou du tout rien qui uaille, &c.

687 538 37 53 c

152 579 636 57 Aict ou failly ou du tout rien qui vaille:

150 619 544 59 Ne penſez pas que la verité faille.

95 667 539 53 C'eſt aſſez dict & preſché ça & là.

97 712 644 50 Venons au poinct: croyez vous pas cella

95 754 712 57 Que Ieſus Chriſt par ſes Apoſtres baille? 2.

90 833 715 57 L'homme obſtiné ne peult faillir que n’aille

90 882 713 52 Au feu d’Enfer: quoy qu’il coure & trauaille

90 926 620 51 A voyager (car Chriſt tout ce anulla.)

90 967 658 53 Et ſi voyez comment ſainct Iehan parla:

90 1008 729 54 Les obſtinez il compare à la paille. 2.

89 1091 677 64 Ie vous pry donc, que plus on ne ſe raille,

87 1143 640 51 Mais laiſſez là la Meſſe & la preſtraille,

89 1186 753 55 Croyant pour vray qu’au ciel Chriſt ſ'en alla:

88 1230 539 53 Puis, en eſprit ſes amys conſolla

85 1269 770 69 Pour leur donner force en toute bataille. 2.

616 1357 112 76 d 3

833 267 105 61 Eccl.1.

838 553 125 86 Act.28.fg

834 647 134 46 Le Chre¬

833 683 134 41 ſtiẽ admõ

833 720 125 36 neſte icy

835 747 132 50 I’infidelle

841 934 133 52 Ieh.4.e

837 997 132 65 Mat.3.c.

836 1158 122 51 2.Co.6.e

846 1253 82 65 Act.2.
