1048 1506
410 56 282 55 EPISTRE.

184 112 750 56 ſ'aidoyent iadis aulcuns Princes yuroignes en

183 158 751 53 Iſrael. Amos 6.) Mais ie demãde à telles gens: à

183 201 751 54 quoy paiſoit iadis le tẽps la vierge Marie? Luc 1

184 245 750 52 2.Act.1. & les quatre filles de S. Philippes? Act.

184 289 752 51 21. & Marthe & Marie ſa ſœur? Luc 10. & auſsi

183 331 751 53 tãt d’aultres hõneſtes femmes, qui fuyuoyẽt Ie

182 374 750 53 ſus Chriſt & ſes Apoſtres? Luc 8. Certes, ce n’e¬

182 418 749 49 ſtoit pas à danſer n’à chanter chanſons mon¬

184 463 751 53 daines, teſmoing le chreſtien Cantique de la di

183 507 750 51 cte vierge, mere de leſus. Luc 1. Et touchant

184 548 750 56 le ſainct Prophete Dauid: c’eſt trop blaſphemer

184 594 749 53 contre Dieu & luy d’equiparer & comparer ſes

185 637 748 51 Diuins Pſalmes, Chanſons & inſtrumentz:

184 678 745 54 aux chanſons & ieux de diſſolution en quoy

186 723 745 53 pluſieurs ſe delectent maintenant. Et tant ſ’en

184 767 747 55 fault qu’il y ait quelque ſimilitude: car tout ce

186 811 744 50 que Dauid compoſoit, chantoit ou iouoit ſur

184 854 746 52 les inſtrumentz de Muſique, tendoit toutalle¬

184 896 745 54 ment à la gloire de Dieu, & ce que ces chan¬

184 942 745 49 teurs & fleuſteurs font de noſtre temps en

183 984 748 50 maintz lieux, ne taſche aulcunement qu’à la

182 1027 744 54 pompe, decoration & auancement du Royau¬

181 1071 747 52 me de Satan, du Pape ſon vicaire general, & de

180 1116 747 51 pluſieurs Princes & aultres gens voluptueux

179 1158 750 53 de ce monde. Dauantage (quel que tu ſois

180 1203 750 53 qui t’excuſes ainſi) Comment oſes tu dire: que

178 1245 753 52 en chantant telles chãſons tu n’y penſes point

178 1289 751 64 en mal? Veu qu’auãt que les chãter, tu fais tous

866 1340 56 49 tes
