1016 1504
801 58 45 51 47

190 33 529 73 RESIOVYSSANCE.

79 100 671 57 De ce badin Thomas D’acquin, vollage:

81 140 725 68 Apres la chair ne me feuſſe enuieilly. 2.

78 229 630 59 Car ie croyois qu’au pain blanc & poly

76 278 753 54 (Que lon monſtroit à la meſſe en rond marge)

77 320 688 57 Fuſt tout Ieſus, auſsi grand, gros & large:

80 359 744 67 Que lors qu’il fut mort & enſepuely. 2.

73 450 614 57 Mais Dieu qui eſt plus ſage que nully

72 495 653 53 M’a declairé qu’eſt ce: chair & beuurage

79 540 747 50 Touchant ſon filz. Dont de tout mon courage

72 582 718 55 Graces luy rendz de m’auoir recueilly. 2.

187 670 519 54 La 61. Chanſon, ſur le chant, de:

102 716 716 66 Ie ne me puis tenir pour choſe que lon die, &c.

109 802 302 51 E ne me puis tenir

112 846 365 55 Pour choſe que lon die

65 892 354 46 De dire & maintenir:

80 936 276 54 Que la Papiſterie

64 981 192 47 Eſt vne vie

65 1023 479 58 (Quand tout ſeroit congneu)

62 1069 626 53 De pillerie, 2.

68 1112 316 59 Que le Pape a tenu.

67 1199 416 51 Tous ſes commandemens

62 1246 379 53 Sont pleins d’ydolatrie:

61 1293 374 60 Farcis d’enchantemens

72 784 34 117 I

830 328 134 53 Mat.24.b

827 500 129 54 Ieh.6.f.g

824 826 130 46 Iſa.58.a.

820 864 134 80 2.Tim.4a

807 1284 135 57 2.Tim.4.

811 1313 55 54 a.b.
