1040 1550
174 148 749 64 ſaincte eſcripture nous incite à reſiouyſſance.

174 196 749 59 qu’elle diſcerne quant & quant, & met differẽ

169 241 756 59 ce entre reſiouyſſance & reſiouyſſaice. Car elle

169 281 756 62 dict touſiours, que qui ſe vouldra reſiouyr, que

182 324 743 62 Il ſe reſiouyſſe au Seigneurt note, qu’elle dict ce

173 372 754 55 mot au Seigneur) & q vouldra chãter, qu’il chã

168 413 759 60 te auſſi au Seigneur par Pſalmes & chãſõs ſpiri

167 457 759 57 tuelles, voire nõ de la voix & leures ſeulemẽt,

167 501 757 57 ains du cœur auſſi. Eph. 5. Col.3. Et en ce cõmã

167 544 757 59 dement, le ſainct Eſperit procede enuers nous

167 590 756 56 comme il y a procedé en la maniere de nous

170 633 753 56 pouuoir glorifier. Car il dict & veult: que qui

169 676 754 61 ſe vouldra glorifier, qu’il ne ſe glorifie point

167 721 758 57 aux hommes.1. Cor. 3.n’en foy meſme: ains au

166 762 759 60 Seigneur. 2. Cor. 1O, & en la grace qu il luy a fai

167 807 757 60 cte de luy reueler ſa congnoiſſance. Ierem. 9 Et

170 851 753 55 pourtant dõc ne nous flatons point nous meſ

171 894 753 55 mes, en cuidans que Dieu ne prenne garde à

171 935 753 61 noz chãſons & gaudiſſeries: auiſi biẽ́ qu’à noz

169 980 754 57 aultres folles œuures. Or touchãt à moy, freres

172 1024 751 55 & ſœurs, ie confeſſe publiquement: auoir iadis

172 1066 751 56 trop ſouuent vſé de reſiouy il’ance mondaine,

171 1111 752 54 & auoir par trop ſouuent chanté les chanſons

170 1150 752 58 abominables dont ay faict mention cy deſſus,

170 1197 756 55 Et meſme les ay trop curieuſement eſtudiées &

170 1240 753 55 iouées ſur pluſieurs inſtrumentz de muſique,

172 1283 754 55 voire au grand deſhonneur de Dieu & du dict

173 1327 754 72 art, tant honneſte & louable. Mais quand

41 303 133 83 rAiipa a

435 106 270 50 BPISTRE.

869 1376 60 64 il a
