1008 1526
390 108 277 47 EPISTRE.

169 155 746 56 eſt dõc: que les folles parolles qui ne ſõt ouyes

169 203 747 52 de trois pas loing, ains ſont proferées tout bas

171 247 747 53 ou à voix moyenne: ſont cauſe de ſi grandz &

167 289 750 53 horribles maulx: que ſera ce des ſuperflus pro¬

175 335 743 47 pos, proferez haultement & en courroux? Et

168 378 750 45 meſmement de ceulx qu’on profere par les Ta

168 422 749 47 uernes, Cabaretz, maiſons priuées ou Rues pu

167 463 751 49 bliques: en chantant à pleine voix vn tas de

167 506 751 50 chanſons deshonneſtes? Car de tant que le

166 553 748 48 bien ou le mal qu’on dict eſt ouy de plus loing:

165 593 753 50 d’autant eſt il plus proffitable ou nuiſant. Les

165 637 753 49 bons propos & choſes d’edification: nous ſont

165 679 752 51 commandées de publier pluſtoſt ſur les toictz

164 723 754 51 des maiſons. Matth.1O. que les cacher ſoubz le

165 765 750 53 Muid. Marc 4. Touchant les mauluais pro¬

168 810 750 52 pos aux quelz n’a nul fruict: ilz ne peuuent ſer

165 857 753 46 uir communement: que de corrompre toutes

165 901 753 47 bonnes mœurs. 1.Cor.15. Et pourtant nous les

165 943 753 46 debuons du tout euiter, voire encore: ne leur

165 985 752 50 debuõs aſsigner aulcune place en noſtre cœur,

166 1028 750 52 Iequel n’eſt pas moins patent à Dieu: que no¬

166 1074 752 50 ſtre corps meſme. 1.Sam.16.Iere.17. Que di¬

167 1118 750 48 rons nous donques pour nous iuſtifier deuant

166 1157 750 49 la maieſté de Dieu: de tant d’innumerables pa¬

168 1202 750 50 rolles folles, chanſons de guerre, d’amour lubri

171 1246 747 50 que, de ialouſie, & de plus de cent milliõs d’aul

166 1289 749 46 tres inuentions iniques:que le miferable mon

165 1330 752 61 de a chantt iadis, & chante encores de preſente

786 1375 132 50 Toutes
