1046 1554
344 94 323 48 LA TABLE.

123 135 745 69 Voz abuz ſont tous deſcouuertz. 59.

117 186 748 57 En entrant en vn iardrin. 60.

107 227 762 64 Mon Createur: ayez de moy mercy. 61.

116 273 756 62 Mon Pere ma donné ſon filz. 61.

121 319 748 56 Qui la dira. 62.

121 358 748 65 Les Moynes n’ont plus que faire. 63.

116 406 751 57 N’aymez iamais la Loy humaine. 64.

112 450 757 60 N'aymez iamais ces Caphardz lourdz. 65.

114 494 750 53 Mauldict ſoit le faulx Chreſtien. 66.

112 541 751 55 En eſprit iuſqu’au ciel ie vole. 67.

111 582 754 57 Au ſeul Dieu dira ſa penſée. 67.

112 630 753 55 D'ou vient cella? 68.

117 672 746 55 Tant que viuray. 69.

111 718 752 56 Ie ne ſcay pas comment. 70.

110 758 749 55 Faulte de foy. 71.

114 800 746 58 Priſonnier ſuis. 72.

110 843 755 62 L'Allemande intitulée: Ein ougenblilz. 73.

107 887 749 66 Hertz lieb vvas han ich dier gethan. 74.

107 933 749 60 O ſeul vray Dieu. 76.

103 975 752 63 Nous ſeruirons le Roy. 77.

107 1020 749 65 I’ay vn mary qui m’exhorte. 79.

101 1063 760 62 Brunete joliete. 80.

101 1104 754 62 Reſiouyſſez vous mes dames. 83.

102 1151 753 66 Preſchez leur rien qui vaille. 85.

99 1193 753 69 A Dieu la bonne chere. 87.

98 1238 758 64 Le temps n'eſt plus. 91.

98 1280 752 62 Mondain ſeiour.  91.

95 1326 756 81 Si en mon cœur. 92.

592 1375 110 85 P 5
