1010 1538
170 79 47 60 4

338 92 448 51 CHRESTIENNE

201 281 65 106 D

321 146 479 56 La 5. chanſon, ſur le chant de:

264 199 583 53 D’amours me ua tout au rebours, &c.

275 279 487 54 'Amours ne me va au rebours:

275 326 519 57 Car Ieſus ſon corps me preſente,

196 375 485 48 Pour en iouyr à mon ſecours,

190 415 458 50 Si de ſa Foy ie ne m’abſente.

191 462 548 51 C’eſt la cauſe pourquoy ie chante:

189 506 513 45 D’amours ne me va au rebours.

190 549 513 52 Au rebours ne me va d’amours.

191 629 612 59 Aux courtz des Princes tous les iours

191 680 496 49 Iadis ie chantois ſans attente:

188 725 581 49 Des amours ou n’a que faulx tours,

193 767 479 48 Qui eſt vne choſe meſchante.

201 804 603 55 D'ainſi chanter maintz baillent rente

196 854 623 48 Aux courtz des Princes tous les iours,

200 898 619 52 Tous les iours aux Princes des courtz.

306 980 488 54 La 6. chanſon, ſur le chant, de:

223 1027 652 62 De bien aymer les Dames ie ne blaſme, &c.

276 1108 591 66 E bien aymer les Dames le ne blaſme

279 1159 639 56 D'amour chreſtienne & vertueuſement.

203 1203 737 58 Car Dieu a dict: que ſoit hõme, ou ſoit femme

192 1248 748 56 Qu'on ſ'ayme bien, nõ point d’amour infame,

191 1295 654 53 Ainſi que font pluſieurs lubricquement:

195 1340 589 60 Mais de cœur pur & charitablement,

194 1127 70 94 D

894 1383 51 50 Se

70 337 120 68 Mat.11.d.

69 807 125 59 Amos 6.a

61 849 32 48 b.

69 886 101 49 Iſa 5.c.

66 1194 123 54 Exod.20.

67 1239 123 49 Mat.22.d
