1024 1496
178 54 61 54 120

327 39 426 62 CHRESTIENNE

194 89 631 66 Paix là, ſus ho la: paix là .i.

194 143 634 58 Car cecy n’eſt pas pour rire. .i.

309 183 524 62 Paix là, ſus hol à, &c. .i.

194 260 632 77 O que Satan fut bien fin 2.

199 323 479 57 Quand il le veint introduire.

200 360 624 60 Et tant de Preſtres ſans fin .i.

204 410 626 59 Qui ne nous faiſoyent que nuyre. .i.

194 450 632 62 Paix là, ſus ho là: paix là .i.

195 497 636 59 Car cecy n’eſt pas pour rire. .i.

310 536 520 69 Paix là, ſus ho là, &c. .i.

192 624 638 66 Et tant de Preſtres ſans fin 2.

196 676 549 61 Qui ne nous faiſoyent que nuyre.

194 719 649 61 La Moynaille d’Auguſtin .i.

200 762 629 57 Faiſoit gaillard ſon pot cuyre. .i.

197 802 634 64 Paix là, ſus ho là: paix là .i.

194 847 637 63 Car cecy n'eſt pas pour rire. .i.

314 891 517 86 Paix là, ſus ho là, &c. .i.

189 968 642 72 La Moynaille d'Auguſtin 2.

188 1028 488 54 Faiſoit gaillard ſon pot cuyre.

189 1067 637 61 Celle de Thomas d'Acquin .i.

194 1112 635 57 Faiſoit rage de ſeduire. .i.

189 1154 641 56 Paix là, ſus ho là: paix là .i.

189 1196 642 60 Car cecy n’eſt pas pour rire. .i.

305 1240 529 98 Paix là, ſus ho là, &c. .i.

846 1333 95 65 Celle

62 375 117 55 Act 20.f

64 422 125 62 Rom.16 c

62 755 122 70 Phil.3.d.

53 1085 116 90 2.Pier.2.
