1046 1516
811 87 50 57 215

203 84 510 49 RESIOVYSSANCE.

851 306 121 48 Luc S.e.

857 434 129 44 Matt.1o.2

861 590 131 45 Eue a a

862 626 116 39 1eh.42.

860 678 121 48 M1t.8.e.

101 125 640 61 Car ce Tirancqui tant te faict la guerre)

101 176 663 53 Se faict porter hault ſans toucher la terre,

102 221 603 52 Au lieu que toy de tes piedz precieux

106 265 741 44 Courois de iour & de nuict en maintz lieux:

107 307 664 53 Tant pour prier, que pour faire allegence

107 353 703 51 Aux paouures gens qui auoyent indigence.

136 396 619 48 Tes Sacrementz, auſsi, pas n’as vendus

108 437 663 49 Comme les vent ce bougre & ſes tonduz.

108 479 634 53 Et ſcay que ta belle bouche onq ne dict:

112 523 601 51 Que ta parolle & tes Loix on vendiſt.

144 568 647 47 O donc Ieſus: certes tes nobles membres

112 609 679 51 N'ont pas eſté nourriz es belles chambres.

111 650 713 54 Et ton beau chef qu’on deburoit tant priſer,

113 699 552 49 N’a pas touſiours eu ou ſe repoſer.

141 733 681 60 Auſsi tes yeulx columbins pleins de grace

114 782 618 54 N’ont pas eſté ſans plorer long eſpace.

140 828 632 47 Pareillement:ta bouche & belles ioues

113 868 748 53 N'õt guere eſté ſãs qu’on leur feiſt des moues,

113 912 699 50 Et ſans ſentir maintz ſouffletz & crachatz,

115 955 643 51 Lors qu’à t'occire on faiſoit le pourchas.

147 994 711 60 Ton vẽtre blanc & trop plus clair qu’yuoire

115 1041 618 53 A eu ſouuent faim de menger & boire.

119 1083 607 54 Voire tes piedz, tes mains & ton coſté

114 1129 675 53 De lance & cloux ont maint effort gouſté

116 1172 649 52 Pendant l’aigreur & torture inhumaine

119 1216 621 53 Que tu ſouffris en ta nature humaine.

146 1260 713 52 Tes iambes meſme ont ſentu mainte eſtorce

117 1301 721 66 Des fiers bourreaulx qui les tiroyent à force.

875 744 110 45 Ich.u.e.

860 780 132 43 Luc 21.e.

865 902 132 47 Iehais d¬

863 939 136 45 Mare 15.6

867 989 130 51 Canti.5. d

861 1033 136 38 Matt. 2t. e

862 1066 133 44 Ieh. 1o.e.

862 1126 124 43 Ieh.to.t.

861 1161 73 58 40.1.

641 1362 94 55 24
