998 1512
786 47 44 71 2

55 405 72 104 C

109 105 626 71 CHRESTIENNE

161 194 513 56 RESIOVYSSANCE.

111 286 613 55 La premiere chanſon, ſur le chant, de:

53 332 713 61 Changeons propos, c’eſt trop chanté d’amours.

128 390 664 68 Hãgeõs propos, ceſt trop chãté d'amours:

128 452 669 55 C’eſt pour gẽs lourdz: qͥ n’õt ſẽs en la teſte.

49 493 748 58 Nulz bons Chreſtiens n’ont à Venus recours:

49 541 696 51 Ains auec plours font à Dieu leur requeſte.

52 582 669 53 O ſainct Prophete, o Chriſt, & quelle feſte

53 624 505 52 Te ſera faicte icy bas, ou là ſus:

50 668 606 59 Selon les biens qui de toy ſont yſſus?

51 754 621 54 Cent millions de mille ans & de iours

49 805 749 48 Seroyent trop courtz: pour rendre los hõneſte

50 848 654 51 A toy Seigneur, qui pour noſtre ſecours,

51 892 742 50 Apres maints cours es mort pour noſtre debte.

53 931 629 52 Car la grand Beſte auoit à elle attraicte

54 976 668 52 La femmelette, en quoy lors ſoubz & ſus,

52 1019 575 55 Sans toy, Satan fuſt venu au deſſus.

53 1099 742 59 Mais derechef nous faict pluſieurs faulx tours

53 1152 745 49 (Soubz beaulx atours) vne autre Beſte infecte,

52 1193 646 52 Moins à ſouffrir que le Lyon ou l’Ours:

53 1239 708 49 Car ſes clamours bruyent comme tempeſte.

55 1281 743 78 Puis, quãd ſa creſte à nous chocquer appreſte,

651 1326 40 49 a

806 423 128 44 Rom.13.d

811 458 120 43 Ephe.5.d

811 493 121 50 Coloſſ.3.c

807 682 130 49 Pſal.116.e

803 906 134 56 1.Tim.2 b

808 1144 103 65 Apo.13.
