1010 1508
76 112 618 54 Ou aultrement: ainſi que malfaicteurs

76 160 659 50 Nous meritons que Dieu nous redargue,

76 201 624 50 Et qu’en Enfer noſtre ame ſoit perdue,

79 244 744 59 Veu les pechez dõt nous ſommes autheurs. ?.

159 374 533 51 La 58, Chanſon, ſur le chant, de:

102 422 664 56 Ta bonne grace & maintien gracieux, &c,

158 501 604 58 A bonne grace, o mon Dieu glorieux,

153 546 607 55 Et la doulceur du regard de tes yeulx:

72 591 553 52 M’ont incité le cœur de telle ſorte

75 637 629 49 Que conſtrainct ſuis de crier à ta porte:

67 676 722 59 Miſericorde au paouure vicieux. 2.

66 763 604 53 Ne me reiette, & ne ſois deſdaigneux

66 812 708 51 Si moy pecheur ſuis au iour d’huy ſoigneux

65 854 550 49 A te prier de me tenir main forte,

65 892 743 58 Car mon peché tant me trouble & tranſporte

67 944 749 57 Que ne ſcay voye ou courir pour le mieulx. 2.

66 1024 569 55 Las ie confeſſe icy & en tous lieux:

65 1066 742 59 Que contre toy(ſeul Prince & Roy dez cieulx)

64 1117 655 51 Ay faict ce mal qui tant me deſconforte,

63 1159 721 57 Parquoy fault bien qu’à toy ſeul le rapporte.

62 1203 749 67 Or donc le couure & ſois moy gracieux. 2.

184 53 461 52 RESIOVYSSANCE.

76 503 73 105 T

799 55 48 55 45

826 172 105 50 Dan.9.

822 643 130 43 Ieh.10. B.

823 672 104 53 Pſal.5.

820 877 127 69 2.52148

816 924 46 51 c.

822 1064 122 70 Pfal.fiaa¬

822 1208 123 59 Pſal.32.a.
