1018 1570
362 120 277 60 EPISTRE.

103 176 750 60 tes effortz de te preparer à eſtre bien eſcouté de

101 224 751 55 chaſcun, pour en tirer quelque vaine louenges

102 265 751 56 Et toy auſſi (qui les eſcoutes) tu en ris & treſ¬

102 309 751 55 ſaultz ſouuent de folle ioye que tu y prens? Or

102 353 751 54 en faiſãt ces choſes là: ne les vns ne les aultres,

102 395 750 57 ne vous pouuez excuſer, que vous n’y penſiez

102 440 750 54 en mal, & non en aulcun bien. Car, ce qui eſt

102 482 750 53 mauluais de ſoy (comme ſont telles chanſons)

102 530 749 52 comment vous pourroyent elles engendrer v

102 572 752 53 ne bonne penſée en les chantant, ou ouyant

102 616 751 53 chanter? veu qu’entant quelles procedent du

101 658 750 53 mauluais threſor de voſtre cueur corrompu: le

102 698 753 54 ſus Chriſt meſmes (comme eſt dict deſſus) teſti

99 742 755 56 fie: qu’il fault neceſſairement qu’a l’yſſue de vo

98 786 756 56 ſtre bouche, cela ſoit touſiours la meſme matie

101 830 753 56 re mauluaiſe & corrompue: ia par auant con¬

97 874 757 53 ceue en voſtre cœur ſuſdict? Matt.12. Brief, com

100 920 753 52 ment pourroit voſtre cœur penſer quelque

99 962 755 53 bien, d’vne choſe que voſtre bouche parle mal,

99 1006 751 52 ou chante mal? Cela ne ſaccorderoit iamais,

99 1050 752 51 & toutes voz couuertures & raiſons friuoles

98 1091 755 54 ne me le ſcauroiẽt perſuader. Car il fault touſ

96 1135 755 53 iours venir à ce poinct, & à la ſuſdicte ſentence

95 1180 756 52 irrefragable, c’eſt: que de l’abondance du cœur

95 1223 756 53 la bouche parle. Matt.12. Donc (par plus forte

95 1265 755 53 raiſon) de l’abondance du cœur: la voix crie

93 1310 758 55 hault & chante. Or puis que la bouclu ſert au

95 1352 752 74 cœur dexcecuter telle vilainie :il fault donc

629 1398 34 94 1
