996 1504
169 58 531 58 RESIOV YSSANCE.

167 116 524 51 La 17. Chanſon, ſur le chant, de:

126 160 581 61 Le content eſt riche en ce monde, &c.

156 245 513 60 E content eſt riche en ce monde

155 293 517 55 Et bienheureux l’a Dieu mercy,

86 340 563 55 Plus que celuy qu’en biens abonde

83 384 377 50 Et n’a repos ne là n’icy.

81 426 503 51 Ains eſt en trouble & en ſoucy:

80 469 516 49 Comment il ſenrichira mieulx,

77 510 645 54 Eſtant touſiours demy tranſy 2.

76 558 555 56 Et clouant aux paouures les yeux.

75 641 496 50 Hellas, que l’auarice immunde

74 690 485 48 A le cœur de pluſieurs noircy,

67 724 607 66 Dont bien mauldict eſt qui ſ'y fonde

74 775 432 51 Et qui en elle eſt endurcy.

75 818 512 54 Car Dieu ne peult eſtre adoulcy

77 867 440 47 Par telz cœurs auaricieux,

71 904 650 49 Et ſi n’y a ne cas ne ſi 2.

77 947 537 57 Qu’il ne les hayſſe en tous lieux.

187 1033 514 51 La I8. Chanſon, ſur le chant, de:

118 1077 637 67 Mauldicte ſoit la mondaine richeße, &c.

186 1163 523 56 Auldicte ſoit la mondaine fineſſe

190 1205 637 64 Qui m'a ſeduict le temps de ma ieuneſſe:

71 1256 626 53 Et les Caphardz & toute leur fainctiſe

71 1299 681 63 Leſquelz ſainct Paul tant anathematiſe,

86 250 68 103 L

794 45 38 97 15

828 240 126 35 Eecl e.c.

823 269 132 45 1.TI6b.

826 431 129 42 Ecel. 6.2.

826 558 129 37 Lue io.e¬

833 589 38 58 18

824 745 135 47 2.cor.5. d

828 777 63 45 6.b

68 1164 118 103 M

827 936 131 57 Lue na.ed

826 1302 139 54 Gal.1.2.b
