1008 1502
162 53 60 62 204

328 50 444 53 CHRESTIENNE

179 320 58 110 F

233 149 628 55 Aultre Epiſtre de l’Autheur: à Clement

298 192 499 54 Marot, Poete du Roy, pour lors

390 236 310 55 reſident à Geneue.

242 320 586 56 Rere & amy & voiſin tout enſemble:

246 361 679 63 Loué ſoit Dieu, qui par Chriſt nous aſſẽble

182 411 689 52 Comme aſſembla iadis aux champs dehors

182 454 745 57 Le mien Beaulieu huict lieux pres ton Cahors.

210 497 570 57 Loué ſoit donq ce bon Pere celeſte,

182 539 585 59 Qui ſa bonté nous faict ſi manifeſte.

185 584 563 56 En nous tirant par grace & charité

182 628 587 56 Du puys d’Enfer ſans l’auoir merité.

178 670 668 60 Nous qui iadis feuſmes pleins d’iniuſtice,

177 714 729 56 Sans chercher l’huys par ou l’hõe iniuſte yſſe.

178 759 741 53 Mais ce bon Dieu (qui nous aymoit tant cher)

185 799 628 57 Nous eſt luy meſme icy venu chercher:

177 842 679 57 Eſtans ſouillardz de la cuyſine immunde,

178 887 675 55 Ou tient ſon train le Prince de ce monde.

189 931 638 56 Dont de rechef louenge & gloire en ſoit

178 975 630 57 A ce hault Dieu qui ainſi nous reçoipt.

220 1020 593 52 Frere tres cher ie t’ay voulu eſcripre:

179 1063 695 55 Que ſuis ioyeux plus que ne pourroys dire,

178 1108 538 51 De ta retraicte en ce quartier icy.

181 1150 549 53 Car cinq ans a qu’ay eſté en ſoucy

183 1194 642 50 Pour y trouuer aulcun de mon lignage,

182 1237 689 58 Ou (pour le moins) gens de mon voiſinage.

210 1285 644 66 Mais maintenant Dieu m'a tout reſiouy

861 1320 55 62 Par

42 370 130 71 1.Cor.1.a.

47 583 129 47 Eph.2.b.

55 623 112 46 Tite.3.b.

47 801 125 57 Ieh.1.a.b.

46 936 130 55 2.Pier.1.a
