1020 1500
800 20 45 80 17

165 23 522 58 RESIOVYSSANCE.

68 421 77 106 O

77 78 478 53 Et de tous mes maulx allegé.

77 120 589 57 Fault il donc que l’homme ait ſongé

80 166 564 51 Vn nouueau rachapt de mon ame?

76 203 714 70 C’eſt contre Dieu trop grand diffame. 2.

181 289 520 60 La 20. Chanſon, ſur le chant, de:

122 340 604 63 O cruaulté logée en grand beaulté, &c.

152 413 539 75 Grand beaulté qui loges cruaulté

156 472 557 61 O cruaulté logée en grand beaulté:

68 517 677 54 Quand ſoubz habitz ſi tresbeaulx ſentiras

68 561 643 57 Que lon congnoit ta grand desloyaulté:

60 605 579 69 Plus pere ſainct (ie croy) ne te diras.

58 690 711 60 Quand les Lacquais qui ton corps ont porté

55 739 619 51 Et tes mignons tant pleins de braueté

59 781 579 49 Te laiſſeront, & que plus ne voirras

55 822 528 53 De Cardinaulx aſsis à ton coſté:

55 868 578 62 Plus pere ſainct (ie croy) ne te diras.

60 954 735 67 Quand tes pardons (qui nous ont tant couſté)

50 1000 516 52 Ne courront plus: & te ſera oſté

54 1043 572 53 Terres, pays, threſors & ce qu’auras,

51 1086 703 57 (Comme ſainct Iehan en ſon liure a cothé)

50 1130 567 68 Plus pere ſainct (ie croy) ne te diras.

48 1207 612 66 Prince Rommain (à tort: pater ſancte)

45 1260 550 84 En briet de temps tu ſeras abſenté

618 1290 58 86 b

825 196 108 55 Act.4.b.

810 386 127 42 Deſcripti

812 419 128 35 on de l'e

807 450 128 37 xterieure

806 480 134 44 beaulté &

808 518 131 40 pompe pa

807 548 132 40 palle, & de

805 579 132 35 ſa cheure

803 611 96 39 future.

805 642 131 64 Matt.23.a

800 866 123 64 Luc 20.g.

793 1091 112 81 Apo.18.
