1022 1494
223 48 41 44 28

336 43 464 50 CHRESTIENNE

236 92 561 55 Car à cella debuons tous aſpirer,

236 139 584 54 Louant celuy qu’à guerir ne reffuſe

245 180 618 57 Le cœur contrict qui de peche ſ'accuſe.

241 267 692 57 O donc, vous Roys à qui chaſcun preſente

242 316 679 51 Tous paſſetemps pour d’ennuy vous tirer:

240 357 632 53 D’orſenauant nul de vous ne conſente

241 405 617 49 D’ouyr chanſons pour Dames attirer.

239 445 743 54 Car voſtre honneur n’en pourroit qu’empirer.

239 488 634 53 Mais eſcoutez celles qui ſont ſans ruſe

246 531 637 51 Au los de Dieu, des biens duquel on vſe.

241 620 683 52 Vous tous auſsi qui mettez voſtre entente

241 663 497 54 A compoſer & à vers meſurer:

245 703 624 55 Gardez le ſens, mais la lettre inſolente

245 748 626 53 En aultre ſens vueillez ſoubdain virer.

244 794 600 53 C’eſt à ſcauoir à Dieu ſeul honnorer,

241 837 564 54 Et à cella prouoquez voſtre Muſe.

242 880 660 57 Ou aultrement chaſcun de vous ſ’abuſe.

353 966 522 53 La 35. Chanſon, ſur le chant, de:

265 1010 680 66 I'ay trop aymé, urayment ie le confeße, &c.

283 1102 595 51 'Ay trop chanté l’abominable meſſe,

281 1147 645 55 I’en quicte l’art, marchandiſe & meſtier.

248 1190 654 49 Or chanteray les chanſons du Pſaultier:

251 1233 714 55 Là ou Dieu faict de mon ſalut promeſſe. 2.

237 1113 45 92 I

943 1321 47 50 Et

102 179 132 66 Pſal.51.d.

107 419 122 50 Pro.31.a.

103 541 131 59 Coloſſ.3.c

103 700 128 58 Matt.5.b.

104 747 129 54 1.The.4.a

104 774 45 56 b.

116 1220 113 49 Pſal.147.

110 1257 115 50 Pſal 132.
