992 1508
109 67 61 47 226

263 60 426 46 CHRESTIENNE

192 111 619 74 Tous leſdictz pardons don¬

311 189 365 62 nez ſans argent.

165 248 703 53 Item, pour autant auſſi: que deſpuis que les

119 293 749 51 faulx pardons & bulles de Rõme ont eu cours

118 339 748 48 au monde: il y a eu touſiours quelque nombre

118 382 749 46 de chreſtiens & chreſtiennes qui ont murmu¬

118 424 753 50 ré à l’encontre, diſans vrayemẽt: que ce n’eſtoit

120 469 748 49 qu’vne maniere d’auoir argent & vn larrecin

115 511 752 51 publique, Nous ne voulons n’entendons aul¬

114 557 753 48 cunement: que pour ceſte preſente Croiſade

115 599 751 50 perſonne desbourſe vne maille (fors que pour

113 642 754 50 ſubuenir aux paouures indigẽs: comme eſt dict

113 685 752 48 & recité aux articles precedentz). En donnans

111 728 756 46 noſtre malediction eternelle à tous murmurãs,

112 774 753 49 calumpnians, & empechans l'excecution &

115 811 332 56 publication d’icelle.

193 853 666 56 Es iours eſleuz pour recepuoir de no¬

189 898 672 52 ſtre main les pardons de la dicte Croi¬

113 948 750 44 ſade, commenceront incluſiuement tous

110 989 754 49 Ies ans: à la premiere heure qu’il plaira à noſtre

116 1029 747 54 ſouueraine Maieſté appeller les ſubiectz dudict

109 1075 753 51 noſtre Filz Ieſus Chriſt. à la foy d’iceluy. Et ce,

108 1120 755 48 ſuiuans touſiours lordre de l'eternelle predeſti

107 1166 755 46 nation, reſeruée de tous temps au ſecret de no¬

108 1206 751 48 ſtre poictrine. Et dureront iceulx iours es ſie¬

108 1249 753 51 cles des ſiecles & eternellement, ſans iamais

106 1291 756 54 terminer, car ainſi eſt entierement noſtre im¬

115 872 79 89 L

790 1345 74 70 mu

20 446 78 42 Pie.2.a

17 482 74 38 Act.8.d.

1 1026 100 71 Ro.8.e.f.

7 1257 75 53 eh.5.6.

2 1311 24 28 .
