1016 1520
179 77 68 49 401

335 77 440 47 CHRESTIENNR

63 290 130 62 Matt. 15.I

61 560 116 46 Ebrl.1.2

59 619 129 46 Rom. 3.d

59 653 131 70 Lco15.3

194 124 674 55 Encontre Dieu comme eſt choſe prouuée.

197 171 605 51 Car ie te dy qu’elle eſt ſi treshorrible,

197 214 658 50 Que ſon ſeul nom n’eſt en toute la Bible.

195 258 545 51 Aduiſe donq ſi ce n’eſt vne plante

198 292 740 63 Que tour Chreſtiẽ doibt vouloir qu'on deſplã¬

195 345 541 52 Et Purgatoire auſsi & le ſurplus?

857 345 83 51 (tet

227 385 651 58 Ie te pry donq que ton cœur ne ſoit plus

194 432 518 49 En ces fatras, & ne leur attribue

195 475 591 50 Pouuoir aulcun, ou tu ſerois perdue.

195 517 691 54 Mais prens Chriſt ſeul pour ta redemptiont

193 563 548 52 Car en ſon ſang giſt ta purgation.

201 601 433 56 Et par ſa foy tu es iuſtifée,

205 646 562 51 Voire en ſa mort la mort mortifiée:

201 692 641 54 Tant & ſi bien que craindre ne la doibz.

215 738 555 49 Parquoy te priecencores vne fois)

198 779 550 54 Que ſi iadis tu apprins mes façons

192 825 584 49 Sur l'Eſpinette en iouant tes leçons:

196 869 627 48 Que maintenant encores tu t’accordes

194 910 566 50 A m’imiter & mes leçons recordes.

200 953 625 51 Car du bon Dieu, & non de mon eſprit,

200 998 630 52 T'eſt preſenté au iour d’huy ceſt eſcript.

198 1037 634 54 Et ie ne ſuis que le paouure inſtrument.

222 1085 597 49 Or touchant l’art que muſicalement

196 1127 615 51 T'apprins iadis: ie ne vueil pas debatre

196 1171 638 51 Qu’honneſtement ne t'y puiſſes esbatre

199 1215 597 48 Car quelque fois ie m’y recrée auſsi?

198 1257 517 51 Mais garde toy d’en vſer là n’icy

201 1297 679 67 Pour te monſtrer ne pour auleune gloire.

61 979 123 48 Lue1o.1

57 1032 129 72 2co.ja l

847 1346 94 57 Ains
