<?xml version="1.0" encoding="UTF-8"?>
<alto xmlns:xsi="http://www.w3.org/2001/XMLSchema-instance"
      xmlns="http://www.loc.gov/standards/alto/ns-v4#"
      xsi:schemaLocation="http://www.loc.gov/standards/alto/ns-v4# http://www.loc.gov/standards/alto/v4/alto-4-2.xsd">
  <Description>
    <MeasurementUnit>pixel</MeasurementUnit>
    <sourceImageInformation>
      <fileName>Chrestienne_resiovyssance_onb_109B2E78.pdf_page_111.png</fileName>
      <fileIdentifier>pdf//Chrestienne_resiovyssance_onb_109B2E78.pdf</fileIdentifier>
    </sourceImageInformation>
  </Description>
  <Tags>
    <OtherTag ID="BT8" LABEL="DamageZone" DESCRIPTION="block type DamageZone"/><OtherTag ID="BT10" LABEL="DropCapitalZone" DESCRIPTION="block type DropCapitalZone"/><OtherTag ID="BT11" LABEL="GraphicZone" DESCRIPTION="block type GraphicZone"/><OtherTag ID="BT12" LABEL="MainZone" DESCRIPTION="block type MainZone"/><OtherTag ID="BT13" LABEL="MarginTextZone" DESCRIPTION="block type MarginTextZone"/><OtherTag ID="BT15" LABEL="NumberingZone" DESCRIPTION="block type NumberingZone"/><OtherTag ID="BT17" LABEL="QuireMarksZone" DESCRIPTION="block type QuireMarksZone"/><OtherTag ID="BT18" LABEL="RunningTitleZone" DESCRIPTION="block type RunningTitleZone"/><OtherTag ID="BT19" LABEL="SealZone" DESCRIPTION="block type SealZone"/><OtherTag ID="BT20" LABEL="StampZone" DESCRIPTION="block type StampZone"/><OtherTag ID="BT21" LABEL="TableZone" DESCRIPTION="block type TableZone"/><OtherTag ID="BT22" LABEL="TitlePageZone" DESCRIPTION="block type TitlePageZone"/><OtherTag ID="BT2845" LABEL="MarginTextZone:handwrittenAddition" DESCRIPTION="block type MarginTextZone:handwrittenAddition"/>
    <OtherTag ID="LT8" LABEL="DefaultLine" DESCRIPTION="line type DefaultLine"/><OtherTag ID="LT9" LABEL="DropCapitalLine" DESCRIPTION="line type DropCapitalLine"/><OtherTag ID="LT10" LABEL="HeadingLine" DESCRIPTION="line type HeadingLine"/><OtherTag ID="LT11" LABEL="InterlinearLine" DESCRIPTION="line type InterlinearLine"/><OtherTag ID="LT853" LABEL="default" DESCRIPTION="line type default"/>
  </Tags>
  <Layout>
    <Page WIDTH="1016"
          HEIGHT="1502"
          PHYSICAL_IMG_NR="110"
          ID="eSc_dummypage_">
      <PrintSpace HPOS="0"
                  VPOS="0"
                  WIDTH="1016"
                  HEIGHT="1502">
        <TextBlock HPOS="168"
                   VPOS="55"
                   WIDTH="57"
                   HEIGHT="42"
                   ID="eSc_textblock_7491d050"
                   TAGREFS="BT15">
          <Shape><Polygon POINTS="168 55 168 97 225 97 225 55"/></Shape>
          <TextLine ID="eSc_line_e5343a74"
                    TAGREFS="LT8"
                    BASELINE="173 81 220 81" 
                    HPOS="172"
                    VPOS="36"
                    WIDTH="47"
                    HEIGHT="76">
            <Shape><Polygon POINTS="172 80 174 112 219 95 219 80 217 36 172 42 172 80"/></Shape>
            <String CONTENT="91"
                    HPOS="172"
                    VPOS="36"
                    WIDTH="47"
                    HEIGHT="76"
                    ></String>
          </TextLine>
        </TextBlock>
        <TextBlock HPOS="328"
                   VPOS="43"
                   WIDTH="476"
                   HEIGHT="52"
                   ID="eSc_textblock_5888e586"
                   TAGREFS="BT18">
          <Shape><Polygon POINTS="328 43 328 95 804 95 804 43"/></Shape>
          <TextLine ID="eSc_line_98c260e7"
                    TAGREFS="LT10"
                    BASELINE="339 76 786 71" 
                    HPOS="338"
                    VPOS="36"
                    WIDTH="448"
                    HEIGHT="58">
            <Shape><Polygon POINTS="777 38 697 41 692 40 683 36 682 36 680 36 672 36 663 36 655 36 647 36 638 36 636 36 635 36 626 40 623 42 618 40 608 38 607 38 606 38 588 41 583 42 582 41 576 37 575 37 574 37 573 37 542 42 537 43 536 42 531 38 530 38 529 38 498 42 489 38 488 38 487 38 486 38 470 44 469 44 465 44 414 39 413 39 412 39 411 39 404 45 393 45 368 45 356 40 355 40 354 40 353 40 338 45 339 76 339 94 370 94 370 93 371 93 372 93 379 87 387 92 388 92 389 92 390 92 407 87 437 91 444 92 445 92 449 91 466 86 475 90 479 92 480 92 481 92 486 90 503 85 510 90 511 90 512 90 513 90 514 90 515 90 520 85 538 90 543 90 544 91 588 91 588 90 589 90 595 89 605 85 614 88 618 90 619 90 620 90 636 88 667 84 684 87 699 90 700 90 701 90 709 86 714 85 719 86 727 89 728 90 746 90 746 89 747 89 748 89 748 88 751 85 753 83 760 85 770 89 771 89 772 89 773 89 786 85 786 71 783 41 781 40"/></Shape>
            <String CONTENT="CHRESTIENNE"
                    HPOS="338"
                    VPOS="36"
                    WIDTH="448"
                    HEIGHT="58"
                    ></String>
          </TextLine>
        </TextBlock>
        <TextBlock HPOS="191"
                   VPOS="178"
                   WIDTH="48"
                   HEIGHT="101"
                   ID="eSc_textblock_10b110e6"
                   TAGREFS="BT10">
          <Shape><Polygon POINTS="191 178 191 279 239 279 233 218 238 178"/></Shape>
          <TextLine ID="eSc_line_9d49ff74"
                    TAGREFS="LT9"
                    BASELINE="194 268 239 272" 
                    HPOS="191"
                    VPOS="186"
                    WIDTH="47"
                    HEIGHT="95">
            <Shape><Polygon POINTS="191 279 235 281 238 271 232 186 197 186 192 267"/></Shape>
            <String CONTENT="I"
                    HPOS="191"
                    VPOS="186"
                    WIDTH="47"
                    HEIGHT="95"
                    ></String>
          </TextLine>
        </TextBlock>
        <TextBlock HPOS="177"
                   VPOS="128"
                   WIDTH="798"
                   HEIGHT="1119"
                   ID="eSc_textblock_8b507b84"
                   TAGREFS="BT12">
          <Shape><Polygon POINTS="177 131 194 1000 195 1043 421 1116 524 1247 688 1247 792 1099 975 1003 968 128"/></Shape>
          <TextLine ID="eSc_line_2234f3fa"
                    TAGREFS="LT10"
                    BASELINE="404 173 760 171" 
                    HPOS="403"
                    VPOS="134"
                    WIDTH="357"
                    HEIGHT="53">
            <Shape><Polygon POINTS="737 139 736 139 728 139 720 139 712 139 703 139 701 138 699 140 693 138 687 138 678 138 676 138 674 140 673 141 655 141 652 139 647 137 645 137 636 137 628 137 626 137 622 139 616 141 608 138 604 136 603 136 595 136 591 136 586 138 576 141 571 137 568 136 561 136 553 136 545 136 536 136 532 135 530 136 524 140 515 136 510 135 503 135 500 135 490 136 478 138 475 136 473 134 472 134 471 134 470 134 465 136 450 143 430 143 421 135 420 134 419 134 418 134 403 134 404 173 404 186 636 187 637 187 638 187 639 187 639 186 640 186 642 183 647 183 687 186 688 186 689 186 703 182 705 182 707 182 726 186 727 186 759 181 760 171 753 147 745 142"/></Shape>
            <String CONTENT="L’ AVTHEVR."
                    HPOS="403"
                    VPOS="134"
                    WIDTH="357"
                    HEIGHT="53"
                    ></String>
          </TextLine>
          <TextLine ID="eSc_line_401f5c3f"
                    TAGREFS="LT8"
                    BASELINE="233 216 950 214" 
                    HPOS="232"
                    VPOS="181"
                    WIDTH="718"
                    HEIGHT="51">
            <Shape><Polygon POINTS="942 183 934 183 925 183 917 183 914 183 884 186 837 183 834 183 825 183 818 183 799 186 773 181 772 181 737 185 694 181 693 181 692 181 692 181 685 186 684 186 682 186 666 181 665 181 664 181 663 181 644 186 640 186 621 186 551 181 550 181 514 185 490 187 457 185 416 181 415 181 414 181 404 185 395 186 385 184 371 181 370 181 369 181 363 184 357 187 232 184 233 216 233 226 320 231 321 231 402 226 404 226 406 226 444 231 444 231 445 231 463 226 470 231 471 231 472 231 473 232 569 232 569 231 570 231 582 227 629 231 630 231 631 231 631 231 638 226 648 231 649 231 650 231 897 226 927 231 928 231 929 231 950 224 950 214 950 195 942 183"/></Shape>
            <String CONTENT="E t&#x27;ay mis icy a part (amy Lecteur:) trente &amp;"
                    HPOS="232"
                    VPOS="181"
                    WIDTH="718"
                    HEIGHT="51"
                    ></String>
          </TextLine>
          <TextLine ID="eSc_line_e8114d76"
                    TAGREFS="LT8"
                    BASELINE="240 259 947 256" 
                    HPOS="238"
                    VPOS="227"
                    WIDTH="707"
                    HEIGHT="50">
            <Shape><Polygon POINTS="239 257 239 271 479 277 481 277 513 271 565 277 566 277 567 277 595 271 809 276 810 276 811 276 825 270 839 276 840 276 841 276 843 276 844 276 854 270 927 276 928 276 929 276 945 269 945 255 943 229 238 227 239 257"/></Shape>
            <String CONTENT="nœuf Chanſons ſpecialles, par my les aul¬"
                    HPOS="238"
                    VPOS="227"
                    WIDTH="707"
                    HEIGHT="50"
                    WC="0.990348781027445"></String>
          </TextLine>
          <TextLine ID="eSc_line_35008316"
                    TAGREFS="LT8"
                    BASELINE="197 302 950 301" 
                    HPOS="197"
                    VPOS="267"
                    WIDTH="753"
                    HEIGHT="54">
            <Shape><Polygon POINTS="197 302 197 317 276 314 314 317 363 321 364 321 365 321 379 317 382 316 385 317 396 320 397 320 398 320 399 320 410 316 417 314 461 314 472 316 500 321 501 321 502 321 513 316 516 314 525 315 561 321 561 321 562 321 563 321 571 315 574 313 582 315 596 317 596 317 621 315 626 314 627 314 635 320 636 320 636 320 637 320 675 316 806 320 807 320 808 320 829 313 925 317 926 317 950 312 950 301 947 267 914 275 860 275 848 268 847 268 846 268 845 268 829 275 772 275 754 269 748 267 748 267 705 267 704 267 703 267 702 267 700 270 692 275 632 275 626 270 621 267 621 267 620 267 619 267 605 271 599 272 593 271 576 267 575 267 574 267 567 271 560 275 554 271 550 268 549 268 548 268 547 268 546 268 538 271 527 276 487 276 479 272 470 268 470 268 469 268 468 268 455 272 447 274 436 272 414 268 414 268 395 272 384 276 345 276 338 273 321 268 320 268 319 268 318 268 300 273 294 275 291 273 280 268 279 268 278 268 278 268 277 268 268 274 266 275 197 275 197 302"/></Shape>
            <String CONTENT="tres. Leſquelles i’ay ainſi ſequeſtrées pour t’ad"
                    HPOS="197"
                    VPOS="267"
                    WIDTH="753"
                    HEIGHT="54"
                    WC="0.9786365830898285"></String>
          </TextLine>
          <TextLine ID="eSc_line_031cfe21"
                    TAGREFS="LT8"
                    BASELINE="199 349 947 343" 
                    HPOS="198"
                    VPOS="312"
                    WIDTH="749"
                    HEIGHT="53">
            <Shape><Polygon POINTS="199 349 199 362 323 358 328 361 335 364 336 364 337 365 363 365 363 364 363 364 373 360 378 357 424 357 482 357 485 359 490 362 491 362 492 362 493 362 677 358 731 362 732 362 756 357 817 361 818 361 818 361 837 355 840 354 851 355 922 360 923 360 924 360 947 353 947 343 945 318 903 312 902 312 901 312 889 317 831 313 830 313 793 318 787 313 786 313 785 313 763 313 762 313 761 313 760 313 753 318 736 314 735 314 734 314 711 319 674 314 673 314 625 320 412 316 411 316 410 316 390 322 320 318 319 318 299 322 270 317 269 317 268 317 267 317 260 323 222 323 206 317 205 317 204 317 203 317 202 317 198 321 199 349"/></Shape>
            <String CONTENT="uertir expreſſement: que ie n’ay point compo"
                    HPOS="198"
                    VPOS="312"
                    WIDTH="749"
                    HEIGHT="53"
                    WC="0.9803448183970018"></String>
          </TextLine>
          <TextLine ID="eSc_line_9d355032"
                    TAGREFS="LT8"
                    BASELINE="198 393 949 387" 
                    HPOS="197"
                    VPOS="353"
                    WIDTH="752"
                    HEIGHT="56">
            <Shape><Polygon POINTS="198 393 198 407 332 403 336 406 339 408 340 408 341 408 342 409 384 409 384 408 385 408 393 405 399 403 409 405 420 408 421 408 422 408 458 404 470 403 487 403 560 407 561 407 597 403 610 401 615 402 631 406 631 406 632 406 657 402 663 406 664 406 665 406 666 406 727 405 728 405 743 401 756 405 757 405 758 405 793 401 838 404 839 404 839 404 856 399 904 403 904 403 949 397 949 387 946 359 914 359 913 359 900 353 899 353 899 353 898 353 897 353 888 359 887 360 828 360 824 359 798 353 798 353 797 353 796 353 786 360 785 360 782 360 751 354 750 354 749 354 737 360 735 361 725 360 672 354 671 354 670 354 669 354 659 360 658 361 657 360 644 357 643 357 642 357 641 357 641 357 635 361 633 362 630 361 614 355 613 355 612 355 591 359 576 355 576 355 575 355 574 355 573 355 566 361 562 362 550 361 513 356 512 356 486 362 484 362 481 362 464 357 463 357 385 357 384 357 384 357 366 362 358 364 306 364 303 362 293 357 293 357 292 357 291 357 278 362 272 365 258 362 235 358 234 358 197 362 198 393"/></Shape>
            <String CONTENT="ſé aulcun ſubiect ou aultre partie, du chant des"
                    HPOS="197"
                    VPOS="353"
                    WIDTH="752"
                    HEIGHT="56"
                    WC="0.9917374703348899"></String>
          </TextLine>
          <TextLine ID="eSc_line_e4fafa3a"
                    TAGREFS="LT8"
                    BASELINE="202 436 949 433" 
                    HPOS="201"
                    VPOS="400"
                    WIDTH="748"
                    HEIGHT="52">
            <Shape><Polygon POINTS="202 436 202 445 374 452 374 452 375 452 399 445 402 445 438 445 439 445 447 451 448 451 449 451 449 451 450 451 473 445 475 445 477 445 517 451 518 452 558 452 558 451 559 451 573 445 576 444 584 445 624 450 625 450 626 450 643 445 647 444 650 445 668 450 669 450 670 450 671 450 685 445 688 444 702 445 750 448 751 448 797 445 817 443 821 445 834 449 834 449 835 449 949 444 949 433 947 407 924 402 923 402 922 402 907 406 772 406 742 400 741 400 740 400 739 400 727 408 694 408 682 400 682 400 681 400 607 400 606 400 606 400 592 407 581 400 581 400 580 400 579 400 522 407 442 401 441 401 440 401 439 401 430 407 394 408 386 408 379 408 217 402 216 402 215 402 201 408 202 436"/></Shape>
            <String CONTENT="Chãſons precedẽtes, n’auſſi des aultres: que tu"
                    HPOS="201"
                    VPOS="400"
                    WIDTH="748"
                    HEIGHT="52"
                    WC="0.9951323793858898"></String>
          </TextLine>
          <TextLine ID="eSc_line_28aa6245"
                    TAGREFS="LT8"
                    BASELINE="201 481 889 475" 
                    HPOS="200"
                    VPOS="443"
                    WIDTH="689"
                    HEIGHT="53">
            <Shape><Polygon POINTS="201 481 201 496 235 490 298 494 298 494 299 494 300 494 308 488 434 488 449 494 452 495 453 495 454 496 492 496 492 495 493 495 497 493 510 488 530 493 530 493 531 493 563 488 583 493 585 493 586 493 586 493 587 493 598 488 612 493 616 493 616 493 617 493 702 493 711 492 737 487 753 491 760 493 761 493 762 493 777 491 805 487 813 490 817 492 818 492 818 492 889 489 889 475 888 450 847 450 834 443 833 443 795 443 794 443 793 443 793 443 782 451 699 451 691 445 690 445 689 445 688 445 687 445 670 452 614 452 600 444 599 444 598 444 597 444 596 444 588 452 565 453 533 453 522 445 521 445 520 445 520 445 483 452 397 446 396 446 363 452 293 449 292 449 253 454 232 448 232 448 231 448 230 448 200 455 201 481"/></Shape>
            <String CONTENT="trouueras ſubſequemment, apres ceulx cy."
                    HPOS="200"
                    VPOS="443"
                    WIDTH="689"
                    HEIGHT="53"
                    WC="0.9898876711726189"></String>
          </TextLine>
          <TextLine ID="eSc_line_1ed34148"
                    TAGREFS="LT8"
                    BASELINE="203 524 948 519" 
                    HPOS="202"
                    VPOS="485"
                    WIDTH="746"
                    HEIGHT="55">
            <Shape><Polygon POINTS="203 524 203 540 243 534 372 534 400 538 408 539 409 539 421 538 454 534 466 537 470 538 471 538 472 538 473 538 476 537 485 533 516 536 534 538 535 538 557 535 590 532 598 535 604 537 605 537 606 537 621 534 634 533 652 534 684 537 685 537 714 534 720 533 732 533 806 536 807 536 829 531 833 531 843 531 918 535 919 535 947 529 948 519 946 485 922 485 921 485 920 485 919 485 907 493 854 493 834 487 834 487 833 487 832 487 831 487 821 493 742 493 734 488 731 486 730 486 729 486 709 486 708 486 690 489 668 493 662 490 657 487 657 487 656 487 655 487 621 490 606 492 601 491 586 487 586 487 585 487 563 492 550 494 496 493 440 491 439 491 439 491 429 493 424 495 414 494 370 488 369 488 368 488 368 488 358 495 357 495 332 492 331 492 330 492 320 496 319 496 318 496 288 489 287 489 251 493 213 489 212 489 212 489 211 489 202 495 203 524"/></Shape>
            <String CONTENT="Mais, touchant ce nombre icy de ces trente &amp;"
                    HPOS="202"
                    VPOS="485"
                    WIDTH="746"
                    HEIGHT="55"
                    WC="0.9912184138189662"></String>
          </TextLine>
          <TextLine ID="eSc_line_b81810f5"
                    TAGREFS="LT8"
                    BASELINE="202 568 947 563" 
                    HPOS="201"
                    VPOS="529"
                    WIDTH="746"
                    HEIGHT="54">
            <Shape><Polygon POINTS="202 568 202 578 348 577 350 577 372 583 373 583 374 583 374 583 375 583 384 577 384 577 387 577 426 580 427 580 473 576 480 576 481 576 500 582 500 582 501 582 558 576 572 582 573 582 574 582 575 582 596 575 597 575 601 575 637 580 638 580 639 580 650 576 662 581 663 581 664 581 750 580 751 580 770 575 788 579 788 579 789 579 802 574 813 580 813 580 814 580 844 575 914 579 915 579 946 573 947 563 945 529 910 538 874 538 854 531 849 529 848 529 847 529 846 529 843 531 829 538 794 538 771 532 762 530 761 530 760 530 752 533 732 538 702 534 685 531 684 531 683 531 675 534 662 539 601 539 590 535 575 531 574 531 573 531 572 531 562 536 555 540 490 540 480 538 465 534 465 534 464 534 444 538 433 541 408 541 403 539 385 533 384 533 384 533 343 538 327 533 326 533 325 533 284 534 283 534 269 541 268 541 219 536 218 536 217 536 201 542 202 568"/></Shape>
            <String CONTENT="nœuf ſeullement: tu ſeras aduerti, qu’apres"
                    HPOS="201"
                    VPOS="529"
                    WIDTH="746"
                    HEIGHT="54"
                    ></String>
          </TextLine>
          <TextLine ID="eSc_line_acc4445e"
                    TAGREFS="LT8"
                    BASELINE="202 612 949 606" 
                    HPOS="202"
                    VPOS="572"
                    WIDTH="747"
                    HEIGHT="54">
            <Shape><Polygon POINTS="202 612 202 621 277 624 278 624 330 621 344 620 346 621 358 626 358 626 359 626 394 620 398 620 399 620 413 626 414 626 414 626 415 626 416 626 424 620 425 620 426 620 441 625 442 625 443 625 463 621 498 625 499 625 500 625 512 620 519 625 520 625 520 625 521 625 571 620 610 624 611 624 611 624 612 624 619 619 621 619 622 619 631 624 631 624 632 624 633 624 647 619 651 619 657 619 682 624 683 624 684 624 685 624 692 619 694 618 699 619 714 624 715 624 716 624 788 619 820 617 829 619 844 622 845 622 862 619 874 616 906 616 910 619 915 622 916 622 917 622 918 622 948 618 949 606 948 579 935 572 935 572 934 572 933 572 906 579 894 572 893 572 842 572 841 572 840 572 839 572 829 579 828 579 828 579 813 573 812 573 783 573 783 573 782 573 781 573 772 579 770 580 732 581 650 581 647 579 630 574 629 574 628 574 627 574 614 579 610 581 606 579 594 574 593 574 592 574 568 579 561 581 556 579 545 576 545 576 544 576 524 579 520 580 515 579 490 576 489 576 488 576 476 580 470 582 465 580 455 575 454 575 454 575 380 576 379 576 379 576 373 580 368 583 330 580 312 579 311 579 305 580 289 584 282 580 279 579 278 579 278 579 272 580 258 584 248 580 237 577 237 577 236 577 202 580 202 612"/></Shape>
            <String CONTENT="leur auoir faict la lettre: Ie leur ay auſſi faict &amp;"
                    HPOS="202"
                    VPOS="572"
                    WIDTH="747"
                    HEIGHT="54"
                    WC="0.9801214669759457"></String>
          </TextLine>
          <TextLine ID="eSc_line_40caa853"
                    TAGREFS="LT8"
                    BASELINE="201 654 950 650" 
                    HPOS="200"
                    VPOS="617"
                    WIDTH="750"
                    HEIGHT="54">
            <Shape><Polygon POINTS="201 654 202 671 219 665 266 665 273 670 274 670 275 670 276 670 330 665 348 670 349 670 350 670 401 665 567 670 574 670 575 670 577 670 634 664 717 669 717 669 718 669 743 664 854 668 854 668 885 663 925 667 925 667 926 667 935 663 947 668 950 650 947 624 932 624 931 624 919 617 919 617 918 617 917 617 916 617 889 624 889 624 887 624 872 619 871 619 870 619 869 619 869 619 861 624 849 617 848 617 847 617 791 617 790 617 789 617 759 625 756 626 728 626 727 625 704 618 703 618 702 618 667 625 665 625 661 625 580 619 579 619 578 619 561 626 551 626 476 626 475 626 458 619 457 619 456 619 421 624 389 619 389 619 388 619 369 627 368 627 367 627 348 619 347 619 323 619 323 619 322 619 308 627 307 627 303 627 262 622 262 622 261 622 249 627 249 628 200 628 201 654"/></Shape>
            <String CONTENT="compoſé a chaſcune a part: vn chant, à ſcauoir:"
                    HPOS="200"
                    VPOS="617"
                    WIDTH="750"
                    HEIGHT="54"
                    WC="0.9766249243093996"></String>
          </TextLine>
          <TextLine ID="eSc_line_3c7598ec"
                    TAGREFS="LT8"
                    BASELINE="202 697 949 694" 
                    HPOS="201"
                    VPOS="662"
                    WIDTH="748"
                    HEIGHT="51">
            <Shape><Polygon POINTS="202 697 202 708 276 713 277 713 340 708 342 708 343 708 387 713 388 713 389 713 406 707 424 707 478 707 479 707 485 711 485 711 486 711 574 712 575 712 576 712 576 712 583 706 584 706 601 706 756 711 757 711 857 710 858 710 859 710 867 705 869 705 927 710 928 710 929 710 949 705 949 694 948 668 937 662 936 662 935 662 840 667 804 662 803 662 803 662 789 669 737 670 691 670 688 670 657 663 657 663 616 670 592 663 591 663 591 663 557 670 555 671 499 671 498 670 452 664 451 664 450 664 438 670 429 664 428 664 427 664 401 664 400 664 399 664 399 664 386 671 385 672 341 672 276 672 242 666 241 666 201 672 202 697"/></Shape>
            <String CONTENT="en note muſicalement (les vnes a trois, &amp; les"
                    HPOS="201"
                    VPOS="662"
                    WIDTH="748"
                    HEIGHT="51"
                    ></String>
          </TextLine>
          <TextLine ID="eSc_line_f615fe45"
                    TAGREFS="LT8"
                    BASELINE="202 743 950 737" 
                    HPOS="201"
                    VPOS="704"
                    WIDTH="749"
                    HEIGHT="56">
            <Shape><Polygon POINTS="202 743 202 758 243 754 278 759 288 760 289 760 290 760 293 759 309 753 366 758 380 759 381 759 388 758 416 752 449 752 458 757 459 758 459 758 460 758 461 758 470 757 503 752 525 756 529 757 530 757 535 756 564 752 576 756 578 757 579 757 580 757 581 757 582 756 591 752 598 756 599 756 600 756 601 756 609 756 672 751 701 756 710 756 711 756 724 756 754 752 798 755 818 756 819 756 820 756 824 755 837 751 844 754 846 755 847 755 848 755 853 754 874 751 886 754 889 755 889 755 890 755 891 755 893 754 899 751 950 753 950 737 949 710 864 704 864 704 863 704 843 710 841 711 744 711 741 710 716 705 715 705 714 705 703 710 701 711 696 710 674 705 673 705 650 710 645 711 641 710 631 706 630 706 629 706 591 710 574 713 553 713 550 710 544 706 543 706 542 706 541 706 484 707 467 710 455 713 433 710 414 709 414 709 413 709 409 710 402 714 389 710 383 710 382 710 363 710 307 715 268 715 262 710 259 709 258 709 257 709 257 709 243 710 224 714 201 711 202 743"/></Shape>
            <String CONTENT="aultres a quatre parties) ſelon le don que Dieu"
                    HPOS="201"
                    VPOS="704"
                    WIDTH="749"
                    HEIGHT="56"
                    WC="0.9780198284920226"></String>
          </TextLine>
          <TextLine ID="eSc_line_691772be"
                    TAGREFS="LT8"
                    BASELINE="203 787 948 780" 
                    HPOS="202"
                    VPOS="747"
                    WIDTH="746"
                    HEIGHT="54">
            <Shape><Polygon POINTS="203 787 203 801 948 794 948 780 946 755 908 747 907 747 906 747 888 754 869 747 869 747 868 747 836 752 808 748 808 748 807 748 780 756 779 756 739 756 716 756 700 749 699 749 698 749 672 750 672 750 671 750 662 756 661 757 596 757 595 757 585 751 584 751 583 751 582 751 566 757 565 758 476 758 475 758 452 751 451 751 450 751 449 751 425 758 417 752 416 752 415 752 382 752 381 752 380 752 368 759 365 761 328 761 326 759 318 753 317 753 316 753 300 753 299 753 298 753 298 753 288 760 288 760 286 760 260 754 259 754 258 754 242 760 241 761 202 761 203 787"/></Shape>
            <String CONTENT="m’a adminiſtré, en ce tant noble art de Muſi¬"
                    HPOS="202"
                    VPOS="747"
                    WIDTH="746"
                    HEIGHT="54"
                    WC="0.993396968945213"></String>
          </TextLine>
          <TextLine ID="eSc_line_0c7aa1b2"
                    TAGREFS="LT8"
                    BASELINE="205 830 950 825" 
                    HPOS="204"
                    VPOS="793"
                    WIDTH="746"
                    HEIGHT="54">
            <Shape><Polygon POINTS="205 830 205 842 237 847 237 847 238 847 256 842 260 841 297 841 298 842 328 847 328 847 371 841 373 841 374 841 401 846 402 846 460 841 473 840 483 841 536 846 537 846 572 840 580 839 586 840 620 845 621 845 621 845 636 839 637 839 638 839 647 845 647 845 648 845 649 846 674 846 674 845 675 845 696 839 708 844 709 844 710 844 780 840 794 844 795 844 796 844 823 838 827 837 842 837 904 841 905 841 950 836 950 825 948 794 912 799 790 796 702 793 701 793 700 793 690 796 678 801 665 797 657 795 656 795 655 795 654 795 653 795 650 797 644 801 600 801 592 798 578 794 577 794 576 794 550 798 545 799 542 799 519 795 518 795 517 795 516 795 510 799 507 801 490 799 475 797 474 797 460 800 449 801 447 800 440 796 439 796 439 796 438 796 404 800 391 796 390 796 389 796 389 796 375 801 370 802 363 801 353 799 352 799 328 801 307 803 302 801 291 797 290 797 289 797 288 797 278 801 273 803 260 802 227 799 227 799 204 802 205 830"/></Shape>
            <String CONTENT="que. Lequel chant ainſi compoſé, i’eſpere auec"
                    HPOS="204"
                    VPOS="793"
                    WIDTH="746"
                    HEIGHT="54"
                    ></String>
          </TextLine>
          <TextLine ID="eSc_line_b63dc549"
                    TAGREFS="LT8"
                    BASELINE="206 875 951 869" 
                    HPOS="205"
                    VPOS="836"
                    WIDTH="746"
                    HEIGHT="54">
            <Shape><Polygon POINTS="206 875 206 882 216 887 217 887 217 887 252 883 264 889 265 889 266 889 267 889 288 883 310 890 311 890 312 890 371 889 372 889 383 883 403 889 404 889 404 889 443 883 463 888 464 888 465 888 488 883 626 887 627 887 628 887 645 880 727 887 727 887 728 887 749 879 790 886 791 886 792 886 818 879 937 882 938 882 939 882 951 877 951 869 950 840 868 836 867 836 830 840 813 841 810 840 805 836 804 836 803 836 768 836 768 836 767 836 766 836 761 840 758 842 743 840 726 837 725 837 724 837 718 840 712 844 607 844 594 841 584 838 583 838 582 838 581 838 581 838 577 841 572 844 561 841 556 840 556 840 555 840 554 840 553 840 552 841 547 845 499 845 490 841 486 839 485 839 425 839 424 839 424 839 419 841 411 846 401 841 398 840 397 840 359 840 358 840 345 841 309 846 205 842 206 875"/></Shape>
            <String CONTENT="Ie temps, ſ’il plaict au Seigneur, (&amp; ſi ie trouue"
                    HPOS="205"
                    VPOS="836"
                    WIDTH="746"
                    HEIGHT="54"
                    WC="0.9805974197387696"></String>
          </TextLine>
          <TextLine ID="eSc_line_0f839e06"
                    TAGREFS="LT8"
                    BASELINE="206 919 947 910" 
                    HPOS="205"
                    VPOS="878"
                    WIDTH="742"
                    HEIGHT="59">
            <Shape><Polygon POINTS="206 919 206 932 233 930 237 933 242 937 243 937 244 937 245 937 272 937 272 937 273 937 274 937 280 932 285 929 305 932 328 935 329 935 330 935 339 932 348 927 432 927 439 929 452 934 453 934 454 934 479 928 489 927 501 928 536 933 537 933 538 933 551 927 553 927 576 930 577 930 578 930 585 927 586 926 591 927 611 931 612 931 634 926 635 926 636 926 650 932 651 932 652 932 695 927 736 931 737 931 737 931 746 927 788 929 788 929 789 929 803 924 825 929 826 929 908 925 929 928 930 928 930 928 947 920 947 910 946 885 931 878 930 878 883 878 882 878 851 886 762 886 745 880 744 880 743 880 676 888 584 888 543 882 542 882 510 889 475 883 474 883 473 883 472 883 461 891 433 891 419 884 418 884 417 884 416 884 404 891 365 891 341 885 340 885 339 885 258 892 214 887 213 887 212 887 212 887 205 891 206 919"/></Shape>
            <String CONTENT="Imprimeur commode) communiquer publi¬"
                    HPOS="205"
                    VPOS="878"
                    WIDTH="742"
                    HEIGHT="59"
                    ></String>
          </TextLine>
          <TextLine ID="eSc_line_885d51aa"
                    TAGREFS="LT8"
                    BASELINE="207 962 953 957" 
                    HPOS="207"
                    VPOS="924"
                    WIDTH="746"
                    HEIGHT="56">
            <Shape><Polygon POINTS="207 962 207 975 253 980 254 980 255 980 256 980 264 975 267 973 271 975 280 977 281 977 282 977 323 974 334 973 337 974 352 979 353 979 353 979 354 979 370 973 374 972 379 973 410 979 411 979 412 979 413 979 420 973 422 972 431 972 481 976 482 976 520 972 524 972 525 972 538 977 539 977 540 978 572 978 572 977 573 977 574 977 582 972 619 977 620 977 621 977 631 972 647 975 647 975 675 970 677 970 686 977 687 977 687 977 688 977 710 977 710 977 758 970 779 976 780 976 781 977 839 977 839 976 839 976 840 976 849 968 881 975 882 976 932 976 932 975 933 975 953 967 953 957 950 927 899 932 888 928 876 924 875 924 874 924 847 928 823 932 813 929 799 924 798 924 778 924 777 924 776 924 775 924 768 930 766 931 760 930 735 925 672 925 671 925 670 925 669 925 661 932 657 934 624 934 620 932 611 926 611 926 610 926 571 926 571 926 570 926 556 932 553 934 550 933 539 927 538 927 505 927 505 927 504 927 503 927 493 933 491 935 485 934 465 930 465 930 464 930 463 930 457 934 456 935 403 935 402 935 379 927 379 927 378 927 339 936 338 937 321 937 309 937 293 929 293 929 292 929 291 929 278 937 207 937 207 962"/></Shape>
            <String CONTENT="quement: à toute l’Egliſe. Enſemble encore"
                    HPOS="207"
                    VPOS="924"
                    WIDTH="746"
                    HEIGHT="56"
                    ></String>
          </TextLine>
          <TextLine ID="eSc_line_400948d0"
                    TAGREFS="LT8"
                    BASELINE="209 1010 952 1000" 
                    HPOS="208"
                    VPOS="967"
                    WIDTH="744"
                    HEIGHT="61">
            <Shape><Polygon POINTS="209 1010 209 1028 255 1024 291 1028 292 1028 293 1028 293 1028 305 1020 333 1020 361 1025 362 1025 456 1018 507 1024 508 1025 526 1025 538 1025 538 1024 539 1024 556 1018 575 1023 576 1023 576 1023 599 1022 600 1022 601 1022 609 1017 642 1023 643 1023 644 1023 646 1023 708 1016 719 1022 720 1022 721 1022 722 1022 722 1022 724 1022 741 1017 751 1021 753 1022 753 1022 754 1022 952 1018 952 1000 950 972 844 967 843 967 842 967 826 973 824 973 823 973 794 967 793 967 793 967 776 973 758 968 758 968 757 968 756 968 755 968 747 974 746 974 712 969 712 969 711 969 698 975 698 976 632 976 610 976 601 970 600 970 599 970 581 970 580 970 579 970 578 970 567 977 567 977 562 977 532 977 519 971 518 971 517 971 481 977 467 974 466 974 465 974 422 978 409 972 408 972 407 972 406 972 394 978 364 973 363 973 323 980 271 974 270 974 269 974 268 974 260 980 220 977 219 977 218 977 208 981 209 1010"/></Shape>
            <String CONTENT="Ie chant d’vn nombre de mottetz latins, de ma"
                    HPOS="208"
                    VPOS="967"
                    WIDTH="744"
                    HEIGHT="61"
                    WC="0.9784706049495273"></String>
          </TextLine>
          <TextLine ID="eSc_line_cb703cf5"
                    TAGREFS="LT8"
                    BASELINE="318 1053 838 1047" 
                    HPOS="317"
                    VPOS="1012"
                    WIDTH="521"
                    HEIGHT="61">
            <Shape><Polygon POINTS="318 1053 318 1073 342 1073 342 1073 343 1073 343 1073 343 1072 353 1064 384 1072 390 1073 391 1073 404 1071 465 1063 480 1068 481 1068 482 1068 520 1063 529 1068 530 1068 530 1068 531 1068 532 1068 545 1062 626 1066 626 1066 627 1066 633 1063 637 1067 641 1069 641 1069 642 1069 643 1069 664 1066 693 1061 706 1065 711 1067 712 1067 712 1067 713 1067 719 1065 730 1060 740 1064 749 1068 750 1068 751 1068 773 1064 792 1068 793 1068 793 1068 794 1068 800 1063 802 1062 808 1063 831 1068 832 1068 833 1068 834 1068 838 1063 838 1047 837 1020 809 1012 808 1012 808 1012 807 1012 788 1019 783 1015 782 1015 781 1015 780 1015 757 1020 748 1013 748 1013 748 1013 747 1013 746 1013 745 1013 724 1018 689 1013 688 1013 687 1013 687 1013 687 1013 678 1022 628 1022 621 1017 620 1017 619 1017 618 1017 617 1017 616 1017 616 1018 611 1022 591 1014 591 1014 590 1014 589 1014 588 1014 577 1023 563 1023 545 1014 544 1014 543 1014 542 1014 541 1014 541 1015 534 1023 465 1015 465 1015 437 1016 436 1016 435 1016 435 1017 427 1023 407 1019 406 1019 405 1019 393 1023 384 1017 383 1017 382 1017 381 1017 317 1025 318 1053"/></Shape>
            <String CONTENT="compoſition, la lettre deſquelz"
                    HPOS="317"
                    VPOS="1012"
                    WIDTH="521"
                    HEIGHT="61"
                    WC="0.9838040624895403"></String>
          </TextLine>
          <TextLine ID="eSc_line_263c3899"
                    TAGREFS="LT8"
                    BASELINE="430 1093 777 1092" 
                    HPOS="429"
                    VPOS="1058"
                    WIDTH="348"
                    HEIGHT="59">
            <Shape><Polygon POINTS="430 1093 431 1117 448 1110 481 1115 482 1115 483 1115 484 1115 498 1106 546 1114 547 1114 548 1114 561 1108 640 1109 641 1109 641 1109 655 1105 676 1114 677 1114 677 1114 710 1108 724 1115 725 1115 726 1116 776 1116 777 1092 775 1066 754 1066 747 1058 747 1058 746 1058 745 1058 744 1058 743 1058 729 1065 706 1058 705 1058 704 1058 703 1058 692 1062 672 1058 671 1058 670 1058 669 1058 659 1066 649 1066 639 1058 638 1058 637 1058 636 1058 636 1058 617 1064 603 1058 602 1058 601 1058 601 1058 583 1066 569 1058 568 1058 567 1058 566 1058 540 1066 515 1058 515 1058 514 1058 513 1058 512 1058 503 1067 429 1067 430 1093"/></Shape>
            <String CONTENT="ay prinſe de la ſaincte"
                    HPOS="429"
                    VPOS="1058"
                    WIDTH="348"
                    HEIGHT="59"
                    WC="0.9744029796641805"></String>
          </TextLine>
          <TextLine ID="eSc_line_1a2d60fb"
                    TAGREFS="LT8"
                    BASELINE="483 1139 674 1139" 
                    HPOS="483"
                    VPOS="1103"
                    WIDTH="191"
                    HEIGHT="56">
            <Shape><Polygon POINTS="483 1139 485 1159 495 1152 534 1158 536 1158 537 1158 538 1158 539 1158 548 1152 561 1157 564 1159 565 1159 566 1159 566 1159 572 1157 591 1152 606 1157 613 1159 614 1159 615 1159 647 1159 647 1159 647 1159 648 1159 652 1156 657 1152 673 1155 674 1139 672 1105 664 1112 647 1106 644 1105 643 1105 642 1105 641 1105 641 1105 640 1106 631 1113 587 1113 576 1108 560 1103 559 1103 558 1103 557 1103 556 1103 547 1110 545 1112 544 1110 535 1103 535 1103 534 1103 496 1103 495 1103 495 1103 494 1103 483 1110 483 1139"/></Shape>
            <String CONTENT="Eſcripture."
                    HPOS="483"
                    VPOS="1103"
                    WIDTH="191"
                    HEIGHT="56"
                    WC="0.9955822175199335"></String>
          </TextLine>
          <TextLine ID="eSc_line_5331d7c1"
                    TAGREFS="LT8"
                    BASELINE="536 1225 674 1227" 
                    HPOS="535"
                    VPOS="1189"
                    WIDTH="139"
                    HEIGHT="54">
            <Shape><Polygon POINTS="671 1199 633 1199 627 1196 619 1190 618 1190 617 1190 616 1190 588 1193 562 1195 536 1189 536 1225 535 1243 673 1243 674 1227 673 1222 671 1199"/></Shape>
            <String CONTENT="A Dieu."
                    HPOS="535"
                    VPOS="1189"
                    WIDTH="139"
                    HEIGHT="54"
                    WC="0.9508769512176514"></String>
          </TextLine>
        </TextBlock>
      </PrintSpace>
    </Page>
  </Layout>
</alto>
