994 1582
113 567 63 88 E

112 205 738 54 A TOVS CEVLX ET CEL¬

143 250 670 67 les, qui par my tous peuples & nations de

165 301 634 50 la terre, ſe diſent croire en Ieſus Chriſt:

109 349 738 84 EVSTORG DE BEAVLIEV

187 421 574 56 Miniſtre Euangelique, deſire paix,

293 461 385 66 ſalut & ioye ſpirituelle.

178 549 681 52 Ntre aultres choſes (freres & ſœurs) la ſain

184 593 672 60 te Eſcripture nous admõneſte & aduertit:

110 638 749 59 de l'office de la langue. Et premierement Ieſus

110 682 750 56 Chriſt noſtre ſouuerain Docteur & Maiſtre,

112 726 752 57 Matth.23. dict: que de l’abondance du cœur la

112 769 751 56 bouche parle, & que le bon hõme du bon thre

105 810 759 60 ſor de ſon cœur: tire hors bonnes choſes, mais

110 855 754 57 Ie mauluais du mauluais threſor de ſon cœur,

110 899 755 58 tire hors choſes mauluaiſes. Voire, qu’au iour

112 943 752 58 du Iugement fauldra rendre compte de toute

106 987 759 57 parolle oiſifue que nous aurõs dicte en ce mon

109 1029 755 61 de. Mat.12. Sainct Iaques dict à ce propos: que

114 1073 753 56 combien que la langue ſoit vn petit membre,

112 1119 756 51 touteſfois ſi elle parle mal: elle ſouille tout le

112 1160 756 58 demourant du corps. Iac.3. Item, ſainct Pierre

114 1203 754 54 n'en dict pas moins, quand il declaire (ſuyuant

116 1245 756 56 Ie Prophete Royal Dauid. Pſalm.34.) que qui

116 1294 760 48 veult aymer la vie, & veoir les bons iours qu il

121 1332 756 62 garde ſa langue de mal, & ſes le bures de parler

116 1375 764 81 fraudulentement. 1. Fier.3. Or puis qu’ainſi

703 1425 12 63 3
