1000 1574
363 136 276 50 EPISTRE.

115 187 740 56 Toutes leſquelles choſes pugnent directemẽt,

105 235 750 48 contre la charité de Dieu & du prochain (com¬

106 278 749 52 me on le pourroit amplement expecifier & di¬

104 323 751 51 later par le menu, qui vouldroit) tellement

106 369 748 48 que en tant que touche la leze maieſté Diui¬

102 410 758 49 ne, on n’a point de hõte de mesler aulcunesfois

105 452 746 52 par my les execrables motz d’aulcunes chan¬

102 498 750 50 ſons voluptueuſes: quelques motz ſacrez de la

100 538 751 52 ſaincte Eſcripture, comme: Heli, Heli, &c. Miſe¬

99 582 703 50 rere mei, &c. Paſsio, &c. & aultres pluſieurs.

99 626 752 49 Dont ie m’eſmerueille grandement, comment

98 667 745 54 Dieu a permis à la terre, ſouſtenir ſi tres long

97 712 680 50 temps telz blaſphemes, ne leurs autheurs.

98 756 752 51 Mais(comme dict l’Apoſtre) le Seigneur ne re¬

97 800 756 51 tardera point ſa promeſſe, veu que mille ans ne

99 844 751 47 Iuy ſont non plus qu'vn iour. 2.Pier.3. Il y a

98 885 749 46 auſsi vne merueilleuſe follie à noter, c'eſt, que

97 928 752 51 en diſant le mal eſtre le bien. Iſa.5. pluſieurs ſe

97 973 751 51 excuſent, & diſent: qu’il fault paſſer le temps à

97 1016 750 52 quelque choſe, & que combien qu’on chante,

97 1060 751 52 qu’on n’y pẽſe point de mal, qu’on ne dict mal

96 1104 754 52 de perſonne, & que ce ſont petites ioyeuſetez

99 1146 747 52 pour eſbatre les ieunes gens, oultre mille aul¬

97 1190 749 49 tres excuſes friuoles qu’on baille en payemẽt,

97 1234 751 46 & entre aultres, les aulcuns en ſe cuidans bien

96 1276 754 53 couurir, diſent encores: que Dauid meſmes de

95 1318 752 52 ſon temps chantoit bien, & iouoit des inſtru¬

97 1362 751 70 mentz (de laquelle preſumptueuſe obiection

671 1413 36 56 4
