1036 1524
790 66 57 55 205

182 59 512 57 RESIOVYSSANCE.

94 120 547 56 Par le rapport que de toy i'ay ouy,

94 165 605 53 Ayant eſpoir que par toy Dieu reuele

94 210 653 52 A mes parens de moy quelque nouuelle.

95 254 630 52 Car poſsible eſt que quand tu eſcripras

94 298 534 46 A ta maiſon: ſi tres element ſeras

94 338 743 48 (D'œuure & de nom) que ſans trop te cõſtrain

767 382 65 61 dre,

95 382 595 48 A mes parens lettres feras attaindre.

96 425 655 51 Leſquelz vouldrois de par Dieu aduertir

115 470 627 49 Qu’à Ieſus Chriſt ſe veinſent conuertir.

94 513 714 50 Et que pour moy n’euſſent triſteſſe aulcune,

96 557 723 50 Car Dieu m’a faict plus de biens: que fortune.

127 602 597 49 Par quoy te prye aduertir ce porteur:

91 643 660 51 Si i’auray point par ton bon ſupport heur

97 688 652 50 Touchant cella, & ſ’il fault que i’eſcripue

93 731 633 46 Pour t'enuoyer: ains que l'hyuer arriue.

121 773 596 52 Apres, dy luy ce que te plaict mander

91 816 630 48 De par de ça, ſi rien veulx commander,

88 859 584 52 Car obtiendras de moy l'obeyſſance

91 904 631 51 Pour te ſeruir ſelon qu’ay de puiſſance.

122 949 597 51 Te prye encor: que quand tu ſeras las

90 989 656 51 (Ou que des champs chercheras le ſollas)

89 1034 659 50 Vien ten vers moy: car ſuis en vn village

90 1074 667 56 Tout circundé d’arbres, fueille & ramage.

86 1123 632 47 La ou ie n’oy que cors de paſtoureaulx,

88 1165 688 48 Voix de brebis, vaches, bœufz & taureaulx.

87 1209 616 50 Mais plus me plaict encor telle brayrie

89 1254 536 43 Que ne feroit toute la chantrerie

88 1292 604 71 Du Papegay de Rõme, ou Antechriſt,

831 1256 119 52 Ebri.11.e
