1026 1522
790 87 49 53 199

181 81 505 51 RESIOVYSSANCE.

86 130 681 55 Auec tes ſœurs. Et qu’auſsi puis n'a gueres

89 176 693 51 Ton eſpoux meſme au ſeul Dieu recouroit,

84 223 711 50 Et aultres maintz que nommer on pourroit.

115 264 580 53 Cella oyant ie ne feu pas moins aiſe

87 305 633 56 Que fut iamais le Roy (ne luy deſplaiſe)

82 351 527 48 Et loue Dieu (de ce ie te recorde)

85 394 595 51 Pour ce qu’ainſi t'a faict miſericorde.

82 440 592 50 Et que ie voy que de l’abus mondain

87 481 637 51 T'a deliurée en peu d’heure & ſoubdain.

83 525 685 52 Car i’ayme fort que ceulx qui m’ont hanté

82 569 621 50 Et tout chaſcun qu’ay iadis frequenté:

83 613 588 51 Suyue la voix & voye du bon Dieu,

84 656 608 51 Qui par Ieſus nous appelle en ce lieu.

112 700 615 50 Or loué ſoit donq ce bon Dieu & Pere

80 741 594 52 De ce qu’il t’a miſe en voye proſpere,

82 786 522 53 Pour paruenir à luy par viue foy

82 829 606 52 Ouurant touſiours par charité en toy.

113 873 503 50 En te priant que ſi iamais iadis

82 913 656 56 I'ay eu credit vers toy en faictz n'en dictz

81 960 607 48 (En te monſtrant le ieu de l'eſpinette)

82 1003 692 53 Que maintenant ton vouloir ſe ſoubmette:

81 1046 490 53 A recepuoir mes admonitions

78 1089 600 53 Leſquelles ſont: Qu’en toutes actions

81 1130 653 57 Treſtous tes faictz, tes dictz & tes penſées

81 1175 635 56 Selon Dieu ſoyent à ſa gloire adreſſées,

79 1219 582 54 Mettant du tout ſur luy ton amitié,

82 1264 590 53 Et pour l'amour de luy prennes pitié

83 1304 624 65 De ton prochain forme à ſa ſemblance.

584 1354 128 69 n 5

828 659 129 46 Mat.11.d

822 1242 134 63 Mat.22.d

822 1325 118 52 Gen.◊.
