994 1582
116 555 56 101 E

116 204 731 53 A TOVS CEULX ET CEL¬

145 257 670 58 les, qui par my tous peuples & nations de

160 300 643 56 la terre, ſe diſent: croire en Ieſus Chriſt:

118 354 729 74 EVSTORG DE BEAVLIEV

188 420 575 56 Miniſtre Euangelique, deſire paix,

290 464 391 57 ſalut & ioye ſpirituelle.

179 551 679 52 Ntre aultres choſes (freres & ſœurs) la ſain

179 594 681 58 cte Eſcripture nous admõneſte & aduertit:

111 640 751 53 de l’office de la langue. Et premierement Ieſus

111 684 751 50 Chriſt noſtre ſouuerain Docteur & Maiſtre,

110 727 753 52 Matth.23. dict: que de l’abondance du cœur la

109 770 755 54 bouche parle, & que le bon hõme du bon thre

102 815 762 54 ſor de ſon cœur: tire hors bonnes choſes, mais

109 858 754 52 Ie mauluais du mauluais threſor de ſon cœur,

105 901 761 54 tire hors choſes mauluaiſes. Voire, qu’au iour

108 945 757 54 du Iugement fauldra rendre compte de toute

103 990 762 51 parolle oiſifue que nous aurõs dicte en ce mon

109 1033 757 53 de. Mat.12. Sainct Iaques dict à ce propos: que

110 1075 755 55 combien que la langue ſoit vn petit membre,

108 1117 761 56 touteſfois ſi elle parle mal: elle ſouille tout le

109 1162 760 55 demourant du corps. Iac.3. Item, ſainct Pierre

112 1206 758 52 n’en dict pas moins, quand il declaire (ſuyuant

117 1248 756 57 Ie Prophete Royal Dauid. Pſalm.34.) que qui

117 1293 760 52 veult aymer la vie, & veoir les bons iours: qu il

116 1332 760 56 garde ſa langue de mal, & ſes lebures de parler

114 1376 766 69 fraudulentement. 1.Pier.3. Or puis qu’ainſi

681 1426 59 62 3
