791 1194
685 70 12 65 15

193 58 319 46 SPIRITVELLES

80 104 406 49 D’eſtre de Luther impugné,

79 146 437 45 Pour ſouffrir mal ſi rigoreux.

79 187 454 45 Ie me diſois le Dieu des Dieux,

78 224 239 45 Publiquement,

79 262 476 49 Faut-il que mon eſtat pompeux,

79 302 430 45 Soit de luy traicté rudement?

116 343 415 43 Ma dignité eſt en mon nom,

81 379 449 44 Car ie ſuis pere ſainct nommé:

81 419 479 44 Mais Luther dit que ſuis damné:

81 456 418 50 Par l’Euangile & ſon canon:

80 502 474 45 Tais toy, ce n’eſt pas ton cas, non,

84 539 225 45 D’en diſputer.

88 567 512 55 C’eſt aux grans docteurs de renom

82 613 440 49 Entre leſquels ce faut traicter.

125 657 388 44 Tu donnes trop d’autorité

82 692 388 49 A l’Euangile, ſcay ie bien,

85 734 488 48 Mais aux gloſſes tu n’entens rien.

88 774 413 43 N’au ſens plein de moralité,

81 815 398 44 La lettre occiſt, mais verité

81 851 217 48 Eſt en l’eſprit:

80 886 387 52 Le ſens duquel i’ay limité

83 931 437 49 Pour le gloſſer à mon proffit.

119 969 465 47 Reſpons à moy Martin Luther,

81 1008 454 46 L’autorité de ſainct Matthieu,

81 1045 500 60 Ou de ſainct Paul ſeruant de Dieu
