795 1192
683 49 34 46 19

149 41 330 46 SPIRITVELLES.

106 86 322 49 N’a tous leurs droicts

104 123 412 51 Ne ſeruirons, car inhumains

102 165 479 48 Et faux ilz ſont en tous endroits.

138 205 403 47 En Ieſus nous aurons repos

103 245 526 49 Qui ouure l’huys, non pas Clement:

102 282 439 47 Il ne peut ce, car ſa clef ment.

107 321 443 49 Or entendez meſchans ſuppos

107 362 435 48 L’euangile eſt noſtre propos,

108 399 224 46 Noſtre ſoulas,

104 433 466 53 Elle nous faict de ſens compos,

107 476 492 54 Mais le Pape nous tient ſous laqs.

116 546 604 57 Chanſon de la meſſe deſeſperee & enragee, voy¬

151 596 579 50 ant approcher ſa malheureuſe fin & horrible

153 646 86 28 ruine.

149 708 578 59 Sur le chant, C’eſt à grand tort que moy

117 760 223 53 pouure endure.

161 824 570 56 'Eſt à grand tort q̃ moy meſſe tant dure

161 872 503 46 Et que ie ſois pour ſi bonne tenue,

119 909 528 63 Plus faux erreur n’y a deſſous la nue:

118 839 39 70 C

529 946 89 49 BB .ii.
