798 1173
94 62 46 48 20

253 57 250 43 CHANSONS

93 95 495 60 Ie ne produy que venin & ordure.

132 138 560 52 I’ay trop duré, il eſt tẽps que ie meure,

93 175 548 54 A mort à mort tout le monde me crie,

93 211 574 58 Puis qu’ainſi eſt que chaſcun me deſcrie,

97 254 613 55 Tõber m’en vois, ie ſuis deſia trop meure.

125 289 588 60 C’eſt le ſuport q̃ i’ay de vous ſainct pere:

95 334 563 53 Ou ſont voz gens, ou eſt voſtre clergie?

95 371 563 59 Pour vray l’Egliſe en eſt treſmal regie,

97 411 531 55 Si mal me vient, ce vous eſt vitupere.

135 451 487 54 N’y a il droict, n’y a il eſcripture,

97 487 535 60 Par qui ie ſois prouuee & maintenue?

97 529 508 56 Ie ne me puis maintenir toute nue.

97 567 531 57 Car verité contre moy faict procure:

129 602 583 60 Tous mes ſupos maintenez voſtre meſſe

97 643 612 61 A vous me plains bien doulente & marrie,

97 688 499 53 Car voſtre pance en a eſté nourrie,

101 715 585 65 Vous la perdrez ſ'ainſi lon me deſchaſſe.

136 763 555 58 Si n’ay ſecours de vous auſquels me fie,

99 805 433 51 Diuerſitez de beſtes inſenſees,

99 843 543 55 Et deſguiſees, ſeront bien mal penſees:

101 884 443 51 Car verité puiſſante me deffie.

138 919 570 55 Tous mes chaſteaux, prieurez, & chapel

658 960 50 42 (les

99 957 549 55 Clochiers & croix, monaſteres & cures

100 999 606 50 Belles chãſons, mes marchez & mes foires,

101 1040 605 57 Ruiner vois, puis que la mort m’appelle.
