798 1179
678 46 25 48 21

222 39 331 46 SPIRITVELLES.

124 83 585 51 Mes cõpagnons monſtrez voſtre vaillãce

99 126 551 46 Si verité par droit ne pouuez vaincre

97 165 611 49 Par ſaincts eſcrits ꝑ la plume, & par encre,

95 204 516 46 Bruſlez, noyez, tuez en abondance.

134 242 573 46 A droict ou tort faut que ceſt Euangile

95 281 514 45 Soit rué ius, ou du tout ſuis perdue,

94 318 528 48 Heureuſe plus ſerois d’eſtre pendue,

95 356 604 53 Qu’aupres de luy eſtre en village ou ville.

132 397 576 50 Si le pouuez par voſtre effort confondre

91 436 563 49 De mon threſor plus riches vous feray

93 475 456 52 Que n’eſt Midas, & ſi ſatisferay

91 514 595 51 Aux queſtions, car ie ſcay bien reſpondre,

129 555 530 47 C’eſt vn reſſort que ferez par concile

90 594 557 47 Non general, mais ſecret en voz ſales,

89 636 590 43 N’y meſlez rien contraire aux decretales,

89 675 513 48 Ou autrement ne vous ſeroit facile.

272 748 199 64 Autre chanſon.

123 827 611 69 Sur le chant, Dames d’Orleans ne plou¬

90 876 136 52 rez plus.

123 953 477 44 Ouures aueugles retournez vous

115 994 460 42 A Ieſus qui eſt mort pour nous,

84 1029 446 72 Pouures aueugles debonnaire,

76 927 36 100 P

509 1048 104 66 BB .iii.
