806 1175
84 66 45 35 22

208 57 243 42 CHANSONS

82 99 374 53 Qui deſirez à Ieſus plaire,

94 147 425 43 Voſtre ignorance a trop duré,

85 184 410 46 Trop auez d’erreurs enduré.

158 223 324 43 Pouures aueugles, &c.

121 257 465 51 Laiſſez meſchans crier & braire:

84 298 471 47 Car il eſt temps de vous retraire:

84 340 447 45 Puis que Ieſus vous eſt preſché,

86 375 415 55 N’excuſez plus voſtre peché.

164 418 319 44 Pouures aueugles, &c.

124 455 415 46 Laiſſez donc toute idolatrie,

89 493 393 46 Venez à leſus qui vous prie

87 530 462 52 Luy ſeul deſcharge les pecheurs,

89 571 457 51 Les appellant par ſes preſcheurs

171 614 318 43 Pouures aueugles, &c.

128 644 489 52 Laiſſez moy ce vain dieu de paſte,

95 688 488 50 Qui vos biens corps & ame gaſte,

94 727 435 49 Ne vueillez donc plus adorer,

93 768 400 49 Le dieu que voyez deuorer.

176 807 321 45 Pouures aueugles, &c.

136 844 430 47 Laiſſez moy l’idole de Rome,

98 883 513 49 Ceſt antechriſt qui tout conſomme.

95 924 415 41 Renoncez à tous ces larrons,

98 962 421 43 Auec leurs bulles & pardons.

180 1002 328 42 Pouures aueugles, &c.

141 1034 567 63 Laiſſez moy ces mal-heureux preſtres,
