813 1169
92 55 46 54 24

259 44 238 50 CHANSONS

83 237 50 73 S

294 86 197 56 Autre chanſon.

139 164 468 56 Sur le chant, Chriſte qui lux, &c.

116 241 433 47 Educteur mauuais antechriſt,

124 283 482 51 Cognois le Seigneur Ieſus Chriſt,

85 323 484 48 Sans lui pourchaſſer deshonneur,

84 361 448 52 Et tu feras ton grand honneur.

127 402 415 47 Tu as abuſé trop long temps,

83 439 497 51 Pluſieurs en ſont bien mal contens,

85 479 388 50 N’empeſche plus la verité,

85 520 316 45 Ou tu ſeras desherité,

121 559 419 48 Compare icy à noz appeaux,

86 598 454 47 Tu as vendu trop de chappeaux.

84 637 494 47 Ou pour le moins quitte ton lieu,

84 672 493 54 Cognoiſſant qu’il eſt vn ſeul Dieu.

121 715 420 48 Sais tu pas bien que ſi ie croy,

80 753 403 49 I’ay telle puiſſance que toy?

80 792 442 49 Mais ie ne ſay ſi tu crois bien,

81 831 460 48 Se tu crois, tu n’en monſtre rien.

121 868 469 51 Venez Cardinaux rendez-vous,

84 911 456 46 Venez vous-en par deuers nous,

79 946 412 48 Recognoiſſans ſans cas ne ſi,

92 986 483 47 Qu’il ne vous faut plus viure ainſi.

122 1024 410 55 Vien ca vien gentil ſotemus,

621 1059 82 51 Es tu
