788 1170
102 63 40 41 26

288 54 245 46 CHANSONS

57 100 457 46 Arranconner plus ſainctement,

57 141 422 42 Le nom Le Dieu a ſceu ſaiſir,

57 179 386 43 Et confirmer ſubtilement,

58 221 423 41 L’ordre des quatre mendiens,

59 260 463 38 Et tousces queſteurs de deniers,

65 296 513 47 Qui par les maiſons des Chreſtiens,

61 335 491 46 Courent comme ratz en greniers.

98 373 428 47 Le Pape & enſemble les ſiens,

62 412 403 44 Cardinaux tonduz & raſez,

62 447 534 58 Pour nourrir leurs cheuaux & chiens,

63 490 423 46 Par l’œuure de ces deſguiſez,

66 531 424 43 Ils ont tout le monde abuſé,

65 568 368 43 Par leur faulſe tradition.

66 605 409 49 Et Ieſus Chriſt ont deſpriſé,

70 646 368 44 Tous ces fils de perdition.

106 685 333 44 Le ciel & auſsi paradis,

69 722 367 48 Par argent eſtoit deliuré,

70 759 438 47 Au plus offrant ſans contredit.

71 800 399 48 Et celuy qu’auoit plus liuré.

71 838 503 49 Aux ventres gras quand on chanté,

70 880 501 45 Pour manger d’autruy les labeurs,

73 917 467 46 Et par leurs chanſons enchanté,

73 956 500 45 Les bons marchans & laboureurs.

114 995 452 46 Rien n’y a que l’argent ne face,

77 1032 395 56 Là ou ce Dieu mortel ſera,
