787 1184
644 71 53 44 27

153 60 329 47 SPIRITVELLES.

65 107 518 53 Les poures meſmes n’auront grace,

65 149 446 46 Durant le temps qui regnera.

65 184 401 47 Pourtant il le faut delaiſſer,

65 226 386 46 Et à leſus Chriſt recourir,

71 265 421 47 Qui pour noz pechez effacer,

68 303 428 47 Sans argent a voulu mourir.

92 342 378 47 Le maſtin & loup enrage,

71 380 399 46 Pour ſes voluptez & deſirs,

70 420 428 48 Et plus ſeurement fourrager,

69 456 379 51 A controuué à ſon plaiſir,

69 496 371 49 Des loix, & auſsi a choſir,

71 536 470 49 Cela que luy ſembloit plus beau,

74 574 413 49 Puis l’Euangile à ſon loiſir,

73 614 380 50 A deſlogé de ſon chaſteau.

114 651 468 51 Attendons noſtre Redempteur,

76 691 403 49 Car c’eſt celuy qui donnera

76 730 430 50 L’alarme à ce faux ſeducteur,

77 770 383 50 Et de ſon glaiue deſtruira,

80 807 358 52 Et par l’Eſprit de verité,

81 847 398 49 Ce paillardeau ſi bien paré,

82 889 349 45 La beſte & ſon autorité,

82 919 438 86 Et tous ceux qui l'ont adoré
