787 1174
69 51 38 66 28

238 39 240 49 CHANSONS

75 234 36 78 O

222 87 304 61 Des inuentions Papales.

147 166 313 54 Sur, Verbum bonum.

114 238 359 54 R eſt le nom bien eſlaué,

118 283 340 50 Et le vitupere aggraué,

68 322 354 51 Du Pape, qui auoit caué,

71 361 295 47 Vne foſſe ou fil y a.

109 396 438 60 Quand des ſiens le ſalut haſta,

70 439 340 48 Force bules il leur data,

69 478 340 50 Et ſon purgatoire nata.

69 516 334 50 Là ou maint bail il y a.

112 550 428 56 Il a baſty pluſieurs gros nidz:

70 598 397 47 Les vns de pies bien garnis,

72 635 473 52 Les autres de moineaux fourniz,

72 674 373 48 Chantans leur briborion.

106 711 404 54 Mais il eſt ia bien aduerty,

70 755 332 44 De ſon credit aneanty,

73 793 361 49 Car l’Euangile l’amorty,

71 833 317 46 Auec tout perpetuon.

108 870 456 46 O le meſchant traiſtre ennemy,

73 906 458 49 Qui s’eſt nommé ſi grand amy.

72 946 478 46 Mais on n’eſt plus tant endormy,

76 981 451 50 Qu’on ne voie bien qui fait l’a.

111 1022 429 61 Las que le monde eſchauda,
