817 1175
90 56 35 65 40

252 52 213 56 CHANSONS

89 266 46 67 D

213 104 214 50 Des mortuaires.

120 178 328 55 Sur le chant, Dies illa.

138 257 315 50 Y moy ami ou ſ’en ira

128 300 461 47 L’eſprit quand du corps partira,

81 338 483 50 En attendant que Chriſt viendra?

119 378 445 50 Quand tu as foy au Roy Ieſus,

82 418 441 48 Croyant en luy ſans nul refus,

84 455 367 52 Ton eſperit ſ’en va la ſus.

122 495 425 48 Tu n’auras point damnation:

86 532 417 52 Car Chriſt a faict purgation

83 574 403 50 De noz pechez par paſſion.

122 612 468 51 Mort deſſus toy pouuoir n’aura.

83 652 424 49 Et le croyant point n’entrera

84 693 450 47 En iugement, lors que mourra.

123 729 392 48 Liſez Caphars & abuſeurs

88 767 393 47 Ou eſt le feu des rotiſſeurs,

84 808 474 49 Pour y purger quelque pecheurs?

122 847 438 48 Iugez ſelon les ſainctz eſcrits,

85 885 499 49 S’on oit les pleurs & les grandz cris

83 924 413 47 Des treſpaſſez & des eſpritz.

124 960 440 51 Qui vous a faict allumer feux,

85 1002 425 47 Pour roſtir les ames des feuz?

84 1036 382 55 Iamais plus eſbahy ne fus:
