781 1184
659 70 39 48 41

205 65 330 46 SPIRITVELLES.

92 111 425 48 Reſpondez nous aſnes brutis,

58 151 436 46 N’en eſtes vous pas inuentifs?

59 189 433 51 Par vous les gens ſont abeſtis.

93 228 355 48 Requiem auez ordonné

59 266 476 49 Chanter, de peur d’eſtre damné:

63 307 467 48 Que vous auez pour l’or donné.

98 347 492 47 Querez vous point par les menuz

61 386 450 46 Deſheriter grandz & menuz?

60 424 484 48 De voſtre feu n’eſchappent nulz.

96 466 458 49 On peut iuger les granz Rabis:

64 503 440 48 Qui des rentes des gros obitz

62 543 470 47 A leurs putains donnent habitz.

90 584 419 40 Encenſemens en ſont venus:

62 622 497 44 Comme on faiſoit deuant Venus:

59 661 401 44 Et benoiſtiers entretenuz.

84 697 452 50 Qui faict viure preſtres auſſi,

57 741 527 47 Comme corbeaux aux corps tranſy?

57 779 404 48 Purgatoire vous faict cecy.

94 817 459 48 Preſtre n’eſt point tant indigné,

57 859 413 46 Qui ne chantaſt enbeguiné,

57 897 327 46 Le libera me dominé.

92 934 401 48 Il n’y faut point d’alleluya.

51 972 470 51 C’eſt bien aſſez qu’offrande y a.

50 1011 441 51 De pain & vin, ſ’argent n’y a,

85 1047 445 56 Conforter faut les bons amis,
