807 1177
99 65 45 47 42

222 59 242 51 CHANSONS

100 109 472 51 Des trepaſſez, aux grans conuis:

96 152 494 46 Ou ſont mangez les morts & vifz.

134 190 518 49 Au roſt des morts ilz ſont nourris.

94 228 430 47 Puis apres ilz en font leur ris:

98 268 493 46 Quand ont mangé les os pourris.

136 308 442 44 La foy en Chriſt vous ſauuera,

96 345 441 49 Mais qui ne croit damné ſera.

136 387 433 45 Iugez ou ſont mis vous abus.

100 423 529 50 Purgez ſommes par Chriſt ſans plus.

124 464 478 47 Pourtant nous eſt tout pardonné,

101 500 443 48 Et paradis auſſi donné.

137 539 446 48 O doux leſus tu le ſcais bien.

102 583 487 51 Qu’auons par toy vray Requiem.

276 657 201 47 Autre chanſon.

151 734 442 49 De la Foy & des œuures oubliees.

128 776 581 49 Sur le chant, L’autre iour, ie m’en alloye.

152 816 462 45 N iour paſſé m’eſmerueilloye,

160 856 397 45 En penſant vn peu à loyſir:

102 894 503 44 Dont nous venoit ceſte grand ioye:

103 929 456 49 Dont procedoit ce doux plaiſir.

102 966 626 55 Que noſtre offenſe bis

107 1005 184 45 Eſt par leſus

102 1039 194 58 Miſe tout ius

113 824 40 63 V
