782 1171
87 43 50 50 52

210 28 244 51 CHANSONS

208 70 277 57 Chanſon de la meſſe.

180 151 339 53 Sur, Et ſandreguin. Del.

98 224 581 58 E beau badin, en beguin chãte la Meſſe.

98 268 560 53 Tel cariage rauaſſe tout pour argent.

61 310 611 53 Le beau badin, en beguin tient la grimace.

62 349 479 51 O le beau badin en beguin gent.

66 380 642 63 Le Preſtre fait à ſon aduis. .ii. fois.

63 426 486 57 Et pour les morts & pour ler vifs,

539 460 118 48 le pipy.

103 500 610 60 Le beau badin, &c. Repetition.

68 543 429 54 Pour la femme que ſon mary,

68 588 409 51 Ne ſe veuille iamais marry,

550 621 114 51 le pipy.

69 660 427 56 Pour la fille qu’elle ait amy,

71 699 437 60 Lequel ſoit beau coint & ioly.

537 736 133 61 le pipy.

72 779 475 53 Pour le gouteux qu’il ſoit guary,

72 819 492 58 Et pour le champ qu’il ſoit floury,

556 853 119 57 Ie pipy.

75 899 435 48 Pour recouurer ce qu’eſt pery,

76 937 406 55 Et pour le laict qui eſt tary.

543 975 138 52 le pipy.

80 1012 448 64 Pour l’vſurier lequel tant nuict.

60 218 37 84 L
