774 1180
68 48 45 50 54

191 49 237 44 CHANSONS

68 87 355 50 Pour faire l’office diuin?

69 130 419 48 Ca ceſt autel, qu’on le tapiſſe,

68 169 341 47 Helas la piteuſe police.

68 212 388 41 Ame ne vient me ſecourir,

69 249 407 44 Chapellain, Moyne, Nouice,

70 287 362 45 Me faudra-il ainſi perir?

108 327 448 46 Pere ſainct Pape, dormez vous?

70 368 467 43 Secourez voſtre grande couſine:

71 405 461 42 Et ou ſont voz Cardinaux tous,

71 444 500 43 Pour toſt mettre ordre à ma ruine?

74 483 378 44 Trop auez aymé la cuiſine

75 521 497 45 Ce pendant que pour vous ie hule:

76 561 482 48 Puis qu’il faut qu’à ce coup ie fine

74 603 444 44 Donne ſoy garde voſtre mule.

112 639 428 47 La chappe, l’aube, la chaſuble

78 676 358 47 Ca le manipule, l’eſtolle

79 715 441 49 Ou eſt l’amict que ie l’affuble,

78 754 404 47 N’y a il nul qui me conſole?

78 795 394 46 Ie crie icy comme vne folle

79 833 460 49 Emmy ceſte Egliſe ou ie meurs,

77 871 437 48 Dés le temps que ie me deſole

80 910 455 46 Perſonne n’oit-il mes clameurs?

117 949 443 48 Mais quoy, ie n’ay pas le loiſir,

80 987 503 48 De chanter, c’eſt faict, ie ſuis morte:

82 1024 445 56 Ma fin me vient trop toſt ſaiſir.
