847 1186
698 42 44 78 55

219 42 366 43 SPI RITVELLES.

108 83 501 54 Mon grand malheur eſt à la porte.

113 131 445 44 Au fort quelcun icy m’apporte

116 166 405 49 Quelque deuot reliquiaire.

106 205 439 49 Acelle fin qu’en quelque ſorte

110 245 458 44 Seruir me puiſſe en ceſt affaire.

150 286 368 44 Aportez corpus Domini,

112 324 498 47 Que i’ay en celle armaire enclos.

108 363 448 46 Nul ne vient-il à moy? nenny.

108 401 534 44 Attachez moy d’vn des ſaincts cloux,

108 440 522 46 Que i’ay le chef de ſainct Maclouz,

107 479 523 48 Ou des Martyrs quelque oſſement,

106 520 517 47 Ou l ampoule qu’on ſerre & cloux,

110 560 490 45 A Reins, pour mon ſoulagement.

145 599 458 44 Helas chantant, brayant, virant

109 637 507 46 Tant que le cry me rompt & bleſſe,

106 675 467 48 Puiſque voy toſt l’ame expirant:

104 714 456 45 Dites au moins, à dieu la meſſe,

104 755 464 47 A tous faiſant mainte promeſſe.

106 794 438 46 Or ay-ie tout mon bien quité,

107 832 463 48 Veu qu’à la mort tens & abaiſſe.

104 871 327 52 Ité, Miſſa eſt, donc ité.

313 906 200 57 Ité Miſſa eſt.

497 946 128 56 DD .iiii.
