770 1174
84 30 32 68 56

192 28 249 50 CHANSONS

83 167 51 61 N

131 72 437 58 Du Bapteſme de l'Antechriſt. Del.

121 151 501 51 Ouuellement ainſi qu’on a eſcrit,

142 190 561 56 A Rome eſt nay pour tout vray l’Ante¬

120 234 107 47 chriſt:

86 271 484 51 Et fut porté baptizer dignement,

86 311 522 50 En grand triomphe imperialement.

123 347 568 54 Premieremẽt pour ſage femme & bõne

92 390 494 50 Alloit deuant vne vielle matrone,

93 428 510 52 Qui faire tout à ſa mode preſume,

91 466 592 52 Et ſe nommoit (dit-on) dame Couſtume.

129 507 534 50 Apres marchoit Sapience mondaine,

95 545 552 52 Qui n’eſtoit pas en ſon aller ſoudaine:

94 588 510 47 Ains ſe portoit en meure grauité,

95 625 485 50 Auec maintien de grand ſeuerité,

96 663 528 49 Portant le ſel pour l’enfant baptizer.

103 703 514 49 Puis cheminoit ſans ça ne la viſer

101 742 504 49 Tout bellement en ſafre courtoiſie,

97 780 524 49 Le chef enclin ma dame Hypocriſie,

99 819 585 50 Semblant auoir de tout l’enfant le ſoing.

99 859 567 53 Et portoit l’eau pour ſeruir au beſoing.

136 899 488 50 Apres ſuyuoit en grand' deuotion

101 940 432 46 De pas à pas Sotte imitation:

103 976 486 47 L’aube portoit faicte de broderie,

105 1016 380 63 Et enrichie auec pierrerie,
