849 1178
675 44 36 48 57

227 39 330 48 SPIRITVELLES.

117 83 557 50 Tant que c’eſtoit vne belle beſongne,

115 126 612 49 Ou tout autour, Le feu à qui en grongne,

116 165 513 45 Eſtoit eſcrit pour la deuiſe antique,

115 205 550 44 Bien proprement en lettre bullatique.

153 246 527 45 Apres marchoit en eſtat triumphant

113 283 515 46 Abus parrin, lequel portoit l’enfant.

155 322 461 45 Et Hereſie eſtant ieune pucelle,

115 361 518 47 Et Tyrannie ayant trongne cruelle,

114 401 506 46 Au pres de luy ca & la ſe tenoyent,

113 439 553 47 Et par les bords le linge ſouſtenoyent,

114 479 509 48 Lequel eſtoit comme i’ay entendu,

115 518 468 48 Deſſus l’enfant ietté & eſtendu.

157 560 574 46 Erreur apres ce bon ſeigneur gouteux

117 596 586 48 Tout contrefaict, borgne, boſſu, boiteux:

114 637 560 47 L’autre parrin pour l’enfant raporter,

113 676 552 45 En plein chemin ne ſe pouuoit haſter.

155 715 572 49 Apres alloyent les deux cõmeres gentes,

119 753 525 50 Qui à marcher ſont aſſez diligentes,

117 795 489 43 Dame Auarice & dame Simonie.

115 834 506 44 Tenans propos & conference vnie:

115 871 613 46 Bien d’autre cas que du fait du bapteſme,

116 907 605 51 Auoir dequoy poſſible eſtoit leur theſme.

155 946 574 55 Et les ſuyuoyent les bourgeoiſes Ro¬

119 989 127 44 maines,

125 1021 607 64 Que lon nommoit Traditions humaines,
