767 1173
65 43 44 53 58

208 37 238 45 CHANSONS

67 82 486 50 Idolatrie & blaſpheme y eſtoient,

73 125 587 46 Qui d’vn accord vn cantique chantoyent,

67 162 552 46 Pour celebrer d’Antechriſt la naiſſance

68 203 549 47 Et pour donner au peuple iouyſſance,

72 243 462 45 Qui de ce cas n’eſtoit pas irrité.

69 280 410 47 En ſigne auſſi de liberalité

69 321 463 45 Le Iubilé iadis bien cher vendu,

68 361 548 46 A tous ſans prix fut par tout eſpandu:

68 402 515 45 Si largement que bulles & pardons,

71 439 590 46 On priſoit moins, que billes & chardons.

105 477 557 46 Or quand ce vint à luy bailler le nom,

68 512 619 54 (Nom qui luy fuſt d’vn immortel renom)

71 558 470 44 Vn different y eut non pas petit.

69 597 491 44 Car vn chaſcun ſelon ſon appetit.

71 637 600 42 Vouloit nommer l’enfant. La bonne mere

67 671 615 56 Eſtoit d’aduis qu’on l’appellaſt Sainct pere.

70 712 458 47 Hypocriſie auſſi la belle biffe,

70 752 609 46 Eut bien voulu qu’il fuſt nommé Pontife,

69 791 569 47 Et les parrins puiſſans dominateurs

69 829 613 47 Luy donnoyẽt nom, Le ſerf des ſeruiteurs.

71 868 500 44 Idolatrie illec ſans plus enquerre,

71 906 580 46 Vouloit qu’il fuſt appellé Dieu en terre.

105 944 483 47 Le preſtre lors qui l’office faiſoit,

69 983 516 48 Et ceſt enfant Antechriſt baptizoit,

73 1022 488 56 Voyant du nom la grand diuerſité
