892 1332
702 68 58 55 97

296 50 260 63 Spirituelles.

256 106 113 48 Helas.

173 146 419 57 Mon ſalut c’eſt veoir ſa face,

125 187 370 52 Ie ne vis que de ſa grace.

124 225 422 54 Pour Dieu auancez le cours.

250 261 114 54 Helàs.

173 303 408 57 Si i’ay apres longue abſence

124 340 331 55 De ſa veue iouyſſance,

122 381 333 56 Lors ie ſeray en repos.

247 421 119 46 Helàs.

168 455 410 63 Lors diray d’amour eſpriſe,

121 497 426 55 La chanſon que i’ay appriſe,

118 531 482 62 Filles de Ieruſalem. Helàs.

149 601 598 61 Par trois excellentes ſimilitudes le fidele demonſtre

116 633 632 67 l'ardãt deſir qu'il a de iouir de la Verité Voye & Vie.

223 686 434 59 On ame n’a plus autre eſgard,

218 727 402 54 Autre deſir n’y autre enuie,

115 764 454 55 Fors de iouyr du doux reſgard,

113 805 392 48 De la Verité, Voye & Vie:

116 842 411 50 Car de ſon amour eſt rauie,

119 880 410 52 C’eſt ſon heritage & ſa part.

114 920 516 56 Dont nul bien ne cerche autre part,

148 960 451 52 Comme le ſerf qui va courant,

110 997 458 49 Mordz de la couleuure vilaine,

112 1038 440 47 Au chaud du iour eſt deſirant

110 1078 485 52 De trouuer vne eau viue & ſaine:

564 1118 55 55 G .i.

119 673 90 90 M
