892 1332
123 53 66 65 98

333 49 222 57 Chanſons

130 110 420 55 Ainſi à toy vraye Fontaine,

131 150 501 52 Qui tous bons cœurs vas attirant,

133 190 427 51 Mon ame court en eſperant.

162 227 442 52 Comme la nef fait ſon effort,

135 268 500 56 Preſte à perir par grand tormente,

135 307 380 50 De trouuer le deſiré port

136 347 432 48 Ou eſt le bien de ſon attente:

136 388 437 47 Ainſi par amour vehemente,

137 425 371 44 Mon ame deſire la mort

139 460 457 52 Pour iouyr du ſeur reconfort.

193 500 427 51 Comme le priſonnier captif,

145 540 475 54 Qui n’a que de mort apparence,

141 577 416 52 Eſt par grand deſir ententif

141 617 440 50 De pourchaſſer ſa deliurance:

142 659 436 50 Moy ainſi qui n’ay eſperance

144 698 416 49 De viure que par le pain vif,

145 735 382 49 Le deſire d’vn cœur naif.

195 773 357 46 O Fontaine de Charité,

145 811 391 49 Raſſaſie de ton ſerf l’ame:

148 853 342 44 Port de ſalut & Verité,

145 890 422 49 Sauue la nef qui te reclame.

148 928 507 54 O voye de tout homme & femme,

148 970 399 47 Donne au captif ta liberté.

148 1004 447 49 Par Chriſt qui ſeul l'a merité,

199 1045 443 52 Le doux regard de ton amour

151 1084 443 54 Eſt vn bien ſur tous deſirable:

752 1124 33 45 Il
