892 1332
686 73 66 66 99

278 63 262 64 Spirituelles.

132 122 353 51 Il tue l’ame ſans ſeiour,

131 160 524 56 Et morte à Chriſt la fait ſemblable.

133 202 362 47 O munition delectable,

136 239 516 57 Quand rien en ſon tout fait retour!

131 281 464 49 Làs auancez donc ce bon iour.

165 328 601 67 CHANSON ſur le paſſage Iean 14. Ie ſuis la

130 363 331 49 Voye, la Verité, & la Vie.

203 410 473 57 E grand deſir d’aimer me tient:

210 449 527 66 Quand de mon Dieu il me ſouuient,

203 490 421 56 Aſſez aymer ne le pourroye.

176 526 438 59 Luy qui de tous eſt Createur,

128 561 452 62 Nous a donné le Redempteur,

138 600 422 60 Qui eſt Verité Vie & Voye.

169 643 445 55 Sa Verité nous monſtre Dieu

132 677 497 63 Tel qu’il eſt, Tout, & en tout lieu,

127 720 535 63 A fin qu’en luy ſans doute on croye.

179 760 453 56 Sa Verité nous monſtre à tous

131 796 559 67 Que c’eſt moins que rien que de nous,

128 834 466 59 Enfans d’ire, & au diable proye.

176 873 423 59 Il eſt la Voye & ſeur chemin

127 911 551 65 Droit & plein, plus qu’vn parchemin,

128 953 446 55 Ou iamais nul ne ſe fouruoye.

174 992 460 56 Par ce chemin nous faut paſſer,

126 1027 447 60 Et tous autres chemins laiſſer,

128 1067 493 60 Sa croix nous y ſert de montioye.

182 1105 350 61 Il eſt la Vie, qui la Mort

574 1159 89 49 G .ii.

126 417 82 94 L
