892 1332
131 65 80 62 114

349 44 226 64 Chanſons

131 111 449 55 Et que luy ſeul faut reclamer,

131 153 477 50 Ie ne veux plus que Dieu aimer.

162 187 469 55 Fi de banquets, & fy des danſes,

134 228 445 54 Fy de toutes vaines plaiſances

135 269 434 50 Ou le bien ſe peut conſumer.

134 311 472 44 Ie ne veux plus que Dieu aimer:

148 346 497 49 Dieu m’eſt ſoulas & ioye entiere

136 384 488 51 Contre toute angoyſſe & miſere:

136 422 484 48 En mon cœur le veux imprimer,

140 461 488 53 Et ne veux plus le monde aimer.

177 500 453 49 Dorenauant ie luy veux plaire

138 537 414 52 Et ſeruice de cœur luy faire

140 574 538 57 Quoy que lon m’en vueille blaſmer,

139 617 470 51 Ie ne veux plus que Dieu aimer.

170 656 466 47 On m’aura beau crier & braire,

139 694 449 50 D’autre ſalut ie n’ay que faire:

143 737 444 45 Tout autre ie veux deprimer,

142 771 497 49 C’eſt Dieu ſeul que ie veux aimer:

170 808 404 52 Ie hay peché & ſa ſequelle,

142 851 452 48 Plaid, procez, & toute querelle

145 888 491 52 Qui peut mon amour ſupprimer:

143 928 475 49 Ie ne veux plus que Dieu aimer.

168 964 485 49 En Dieu hardiment me conſole,

145 1004 467 51 Son honneur ie priſe & extolle:

144 1043 420 49 Autre nom ne veux eſtimer:

145 1081 471 61 Ie ne veux plus que Dieu aimer.

631 1124 140 45 L’amour
