892 1332
718 76 69 55 115

311 54 248 72 Spirituelles

173 121 491 51 L’amour de Dieu ſans ceſſe dure,

143 163 469 51 Sa voye eſt perdurable & ſeure,

142 199 375 48 Ie le veux ainſi affermer:

143 240 480 48 Et ne veux plus que Dieu aimer.

184 278 445 49 Car mondaine concupiſcence

144 318 446 46 Pourra tomber en decadence,

143 354 367 51 Il le faut ainſi preſumer.

143 394 498 52 Parquoy ie veux Dieu ſeul aimer,

172 432 443 53 D’employer ainſi ſa ieuneſſe,

139 471 471 52 A folaſtrer, qui l’homme bleſſe,

142 511 494 51 C’eſt vn cas qu’on doit reprimer:

143 548 480 50 Il nous faut vn ſeul Dieu aimer.

150 587 427 53 Fuyez amis amour laſciue,

143 626 451 51 Qui eſt mauuaiſe & exceſsiue:

138 667 474 51 Et peut corps & ame opprimer:

136 707 414 49 Ie ne veux plus ainſi aimer.

170 744 443 54 Venez à Dieu, de bon courage,

135 779 439 57 En luy eſt plaiſir qui ſoulage:

137 819 438 50 Et n’y a vn ſeul gouſt d’amer,

134 858 450 52 Il le faut donc tout ſeul aimer.

162 897 473 55 Son ioug eſt doux & fort facile,

134 936 396 51 Son fais ne greue le debile:

132 976 423 50 Il le nous faut accouſtumer:

133 1013 431 50 Et apprendre à le ſeul aimer.

172 1050 446 60 Volupté ſemble eſtre amiable,

132 1088 418 59 Mais ſon plaiſir eſt variable,

586 1138 38 60 H
