892 1332
127 45 72 54 116

353 37 222 54 Chanſons

126 100 468 53 Qui peut chacun faire abyſmer.

125 140 427 47 Ie ne veux telle choſe aymer.

172 181 481 45 Ce Cupido que dieu on nomme,

124 217 486 46 Eſt malin & deçoit tout homme:

124 258 445 46 Ie le peux bien ainſi nommer.

125 296 480 47 Et veux le ſeul vray Dieu aimer.

169 333 543 54 Ceux qui ſuyuent l’amour charnelle

125 373 452 46 Ne peuuent la gloire eternelle

125 412 453 45 Auoir ſans leur fait reformer.

124 449 480 46 Il me faut donc Dieu ſeul aimer.

158 492 521 43 Tout le bien que le monde ottroye,

124 528 393 49 Eſt poiſon meſlée de ioye:

128 568 508 48 Qui peut tout homme enuenimer,

129 607 489 43 Ie ne veux donc le monde aimer.

150 644 451 44 La chair qui à mal nous attiré,

126 683 441 46 Rien que chair elle ne deſire

126 722 535 46 Et peut l’homme en dueil enfermer,

126 761 426 46 Ie ne veux telle choſe aimer.

156 796 515 51 Qui donc ſelon la chair veut viure,

130 836 485 50 Tourment eternel le doit ſuyure

126 878 381 44 Et ne s’en pourra eximer,

128 914 476 48 Ie ne veux plus que Dieu aimer.

153 953 472 47 Le monde & ſes concupiſcences

128 993 549 46 Nous font commettre mille offenſes,

130 1033 466 48 Qui peuuent trop Dieu animer:

129 1070 472 55 Ie ne veux plus le monde aimer.

634 1103 117 45 Delaiſ¬
