892 1332
162 56 80 59 126

394 50 217 61 Chanſons

166 117 428 48 Du treshaut & puiſſant Roy.

213 156 383 47 Sans luy la gloire du Pere

165 194 395 46 Ne peut auoir nullement

164 233 431 46 Homme qui ſoit ſur la terre,

165 273 376 45 Ne faire ſon ſauuement.

211 313 347 42 Ieſus dit en l’Euangile,

165 351 294 44 Ie ſuis vie & verité,

165 387 359 45 Et le droit chemin vtile

165 426 299 46 Pour auoir felicité.

216 465 416 50 Nul ne peut auec mon Pere,

172 505 398 48 (Dit leſus) és cieux regner,

170 546 418 46 Si ſon vouloir n’obtempere

168 584 455 47 A Dieu ſans point s’eſpargner.

221 625 428 44 Venez donc, heureux fideles,

168 664 380 46 A moy (dit le doux Ieſus)

169 702 362 48 Et ne me ſoyez rebelles.

170 742 419 43 Car mener vous veux là ſus.

216 777 356 47 Ie ſuis la vraye lumiere,

176 814 429 52 Qui conduit tous les parfaits,

171 857 329 45 La remiſsion pleniere

171 895 457 47 Donnant à tous leurs malfaits.

225 936 371 46 Or puis qu’vne telle ioye

170 973 431 48 Me preſente mon vray Dieu:

176 1012 393 45 Tenir ne veux autre voye,

173 1049 334 43 Ne aller en autre lieu.

171 1089 447 55 Mais tant que i’auray aiſance,
