892 1332
718 74 49 69 9

304 64 264 64 Spirituelles.

125 126 423 50 De le nous donner te prions,

128 165 280 44 O Pere de famille:

123 203 586 47 Repais noz corps, mais nous voudrions

125 241 370 52 Pour l’eſprit l’Euangile.

162 282 462 48 En toy ſeul iettons noſtre ſoin,

121 324 454 43 Donne nous ce qui fait beſoin

128 363 458 44 Tant au corps comme à l’ame:

123 401 490 47 Nul autre (tant ſoit pres ou loin)

123 441 338 43 Pour Pere ne reclame.

151 477 490 53 Pour ce iour demandons le pain,

122 516 382 47 Car ce ſeroit vn acte vain,

122 553 263 45 Et ſouci infidele,

122 593 372 46 Se ſoucier du lendemain

124 634 336 46 Sous ta ſaincte rutele.

250 704 384 50 Et nous pardonne noz offenſes.

153 756 473 46 Quant à ce que nous te deuons,

121 794 426 46 Il eſt certain que ne pouuons

123 834 338 42 A noz maux ſatiſfaire:

122 870 477 49 Mais en vn poinct eſpoir auons,

127 911 410 42 Que grace nous veux faire.

153 947 430 46 Ne nous impute donc le faix

122 985 398 45 De noz audacieux forfaits,

122 1025 373 44 En ton Chriſt te recorde

124 1064 402 48 D’effacer noz vices infaits,

125 1104 292 48 Par ta miſericorde.
