892 1332
660 56 78 70 127

262 47 263 66 Spirituelles.

111 104 349 50 Ne ceſſeray en nul lieu

111 148 387 43 De chanter à l’excellence,

111 185 443 49 Du treshaut & puiſſant Dieu.

139 237 606 47 Confeſſant ſon peché, il implore la miſericorde de

113 273 632 48 Dieu, monſtrant que c’eſt luy ſeul qui peut pardonner

111 307 142 45 les pechez.

214 347 521 50 Vi la dira la douleur de mon cœur,

211 387 533 52 Et le ſouci que pour mõ peché porte

108 426 617 50 Ie ne ſouſtien qu’ennuy, peine & douleur,

110 464 635 48 Et ſi n’ay nul, mon Dieu, qui me conforte.

151 503 592 50 O Seigneur Dieu, qui mets dehors d’eſ¬

643 547 96 53 (moy

111 538 509 52 Tes ſeruiteurs, par ta miſericorde

116 579 545 51 Ton plaiſir ſoit auoir merci de moy:

111 617 540 51 Par mon peché i’ay deſerui la corde.

159 659 417 46 Efface donc toute l’iniquité

113 696 551 52 Qui eſt en moy en grande multitude:

109 738 496 44 Ie ne vaux rien, car ie ſuis vanité:

111 774 593 47 A faire mal iay mis tout mon eſtude.

156 814 553 49 Par mon peché, ie ſuis deuant toy vil,

109 853 606 50 Mais laue moy, de plus en plus par grace:

113 891 578 48 Car ſans l’auoir tout homme eſt inutil,

109 927 542 49 Et deſplaiſant deuant ta ſaincte face.

162 970 579 46 Tous mes pechez ie confeſſe & cognoy

110 1005 528 48 En general, ie laiſſe là les branches:

112 1047 566 48 Car ie ne ſuis, comme bien i’apperçoy,

113 1083 614 54 Rien que peché, ne mes volontez frãches.

685 1127 58 44 Ne

112 351 93 87 Q
