892 1332
689 85 76 55 129

299 64 262 65 Spirituelles.

137 126 564 55 De nos pechez par foy non par ouurer

136 165 616 57 Et puis de Dieu par grace attendre gloire.

168 211 598 55 Prie a Dieu d’eſtre deliuré des enbuſches de Satan:

136 248 632 51 inuite les pecheurs a ſe reduire, non pour crainte des

131 286 450 45 tormens, mais par amour & charité.

202 336 475 60 Ecourez moy, Sire, des ennemis,

188 377 546 58 Ou autrement ie ſuis par eux vaincu:

132 414 632 62 Ne permettez qu’en leurs mains ie ſoy' mis

133 452 513 58 Sire, ſans vous ie ſerois conuaincu.

180 495 580 60 Comme vn lion guette parmi les bois,

132 532 496 54 Ainſi ſatan cerche pour me rauir:

129 571 633 60 Ie vien vers vous, Seigneur, oyez ma voix,

130 610 579 59 Et me vueillez promptement ſecourir.

161 650 599 58 Tout mõ pouuoir, ma force, ma vigueur.

126 687 505 57 Et mon ſecours, & ma protection,

129 725 632 60 Vienẽt de vous, mon Roy & mõ Seigneur.

125 766 501 55 Pource ie vien a vous ſans fiction.

154 805 569 54 Ie demande eſtre a vous bien conuerti,

126 843 639 58 Nõ point par moy, mais par voſtre vouloir.

127 881 497 58 Par mon peché ie me ſuis diuerti,

126 919 633 60 Sans vous, mon Dieu, ie ne peux riẽ valoir.

153 962 542 52 Dieu dit ainſi aux pecheurs diuertis,

130 997 581 59 Qui ont laiſſé ſon droit & ſeur chemin.

123 1036 520 59 O malheureux, ſi n’eſtes conuertis,

125 1075 470 57 Vous irez tous en enfer a la fin.

153 1115 606 63 Ses dars aigus ſont vaiſſeaux de la mort.

592 1168 39 51 I .i.

135 320 68 87 S
