892 1332
147 64 71 60 130

421 48 230 54 Chanſons.

142 109 498 56 Ses ſagettes ont le fert mout aigu,

145 147 603 52 Les obſtinez pecheurs, pour ſon renfort.

145 189 499 50 Il traitte en ire, en fureur & argu.

145 224 607 58 Poures pecheurs craignons les iugemens

146 267 600 54 Du Seigneur Dieu, & obſeruons ſa Loy:

147 304 628 54 Non ſeulement de peur des griefs tormens

145 342 522 54 Mais par amour, par charité & foy.

145 383 559 46 Il a donné commandemens treſdoux.

145 420 533 52 A ſes enfans, pour les faire en eſprit:

144 458 516 53 Il eſt le pere, & le frere, & l’eſpoux:

148 496 559 53 Seruons a luy, & laiſſons l’Antechriſt.

175 546 602 51 Rend louanges à Dieu des graces à luy faites: Ex¬

143 580 635 52 horte les gens des trois eſtats a laiſſer leur mauuaiſe

145 619 427 46 vie, & ſeruir a Dieu en pure verité.

200 662 367 49 I de bon cœur ne t’aime.

206 698 449 59 Mon Seigneur, i’ay grand tort,

150 742 388 54 Tu t’es donné toy-meſme

145 782 368 51 Pour me garder de mort:

146 825 283 46 Satan m’auoit tué,

149 862 258 45 Tu m’as reſtitué.

146 899 336 50 Par ton ſang precieux.

148 937 330 55 Qui ſes choſes oublie,

145 979 279 49 Il eſt trop vicieux.

191 1015 396 53 Cerchons de Dieu la grace

151 1054 404 53 Tous d’vn cœur pur & net,

148 1094 314 58 Qui les pechez efface

709 1137 58 53 Du

151 657 45 88 S
