892 1332
133 76 89 53 140

381 59 223 67 Chanſons

131 127 418 46 Par vous tout ſe determine.

185 166 412 47 Regarde, Dieu treshautain,

133 209 459 46 Langoiſſe qui tant nous mine,

134 248 355 46 Et de ton parler certain

134 285 425 47 Deſtourne la grand famine.

310 336 257 45 Autre Chanſon.

165 375 607 46 L'homme preſſé d’afflictions, doit auoir ſon recours

135 403 107 46 à Dieu.

213 443 562 57 Vand quelque ennuy, quelq̃ detreſſe

227 486 441 50 Se vient a l’homme preſenter,

136 525 452 47 Alors que plus le mal le preſſe

136 564 448 45 Ou doit-il ſon eſpoir planter?

138 603 480 48 O Seigneur, de qui l’œil regarde

136 644 514 44 En vn moment mer, terre & cieux,

137 681 455 48 C’eſt toy qui es la ſauue garde.

135 720 472 50 De cil qui dreſſe a toy les yeux.

185 760 505 48 Parquoy, quand la machine ronde

142 799 410 42 Toute esbranlée iroit abas,

137 835 495 50 De l’air, de la flambe & de l’onde

137 877 447 44 Renouuelant les vieux debas,

134 914 490 50 Encor, Seigneur, ie qui m’arreſte

138 956 407 45 Sur ta bonté par ferme foy.

142 993 431 48 Vers le ciel hauſſeray la teſte,

137 1033 474 47 Sans eſtre eſpris d’aucun effroy.

186 1071 447 50 Mon Dieu, ie ſuis ſerf inutile,

140 1110 432 48 Si ſuis ie toutesfois des tiens:

709 1153 74 45 Ma

141 445 83 78 Q
