892 1332
686 74 79 62 141

284 60 268 59 Spirituelles.

131 120 419 49 Ma nature eſt de ſoy labile,

132 162 494 46 Mais forte, quand tu la ſouſtiens:

134 203 579 44 Souſtien la donc, mon Dieu, mon pere,

133 240 522 47 Souſtien la donc: car i’ay tel cœur,

139 281 424 46 Que ſouſtenu de toy, i’eſpere

134 320 421 50 Eſtre de ſatan le vainqueur.

312 364 251 47 Autre Chanſon.

215 409 520 54 Vi maintient les rois & les princes

249 449 411 50 En leurs ſi grans honneurs?

136 490 471 46 Et qui les fait de leur prouinces

136 532 357 42 Paiſibles gouuerneurs?

190 566 488 52 Qui fait que l’orreur de la guerre

136 606 336 48 De leurs pays s’enfuit.

138 646 442 46 Et qui fait ſentir à leur terre

138 683 380 48 De la paix le doux fruict,

185 720 554 57 C’eſt Dieu, c’eſt Dieu, de qui ſa grace

139 760 338 48 Eſt cauſe de tout bien.

139 801 541 54 Le prince ou le roy (quoy qu’il face)

140 844 332 43 Sans elle ne peut rien,

188 879 484 51 Roy, qui par diuine ordonnance

142 915 357 51 Des François es le chef,

143 958 480 47 Veux-tu contregarder ta France

142 994 416 50 Demcombre & de meſchef,

193 1037 502 54 Veux-tu que ton ſceptre proſpere,

142 1072 298 47 Et d’vn ordre prefix

142 1111 484 55 Aille caulant des mains du pere.

149 422 80 76 Q
