892 1332
680 71 75 55 143

284 53 262 65 Spirituelles.

136 113 562 52 S’eſcoule hors ne pouuant meſtonner.

135 156 486 46 Ie pren ma lyre & la fai reſonner,

134 193 606 48 Puis mon eſprit, pour lors à Dieu donner

140 231 617 53 Quelque doux chant de ſa ſaincte Parole,

139 272 599 52 Quitte le corps, & iuſqu’au ciel s'en vole.

182 314 554 49 Là contemplant celuy qui tout regit,

132 349 602 55 Luy dit, Seigneur, en qui mon eſpoir git.

136 389 559 50 Qui tes ſeruans en leur beſoin viſites:

131 426 449 47 Grace te ren de m’auoir viſité

134 461 467 54 Te confeſſant l’auoir fait incité

130 503 540 55 Par ta bonté, & non par mes merites.

323 548 233 47 Autre chanſon

159 580 434 54 E recognoi, ie crain, i’eſpere,

161 618 599 61 Mon peché, la peine, pardon: bis.

163 659 429 49 Car la Loy iuſtement ſeuere

125 690 638 65 Promet a tel fait, tel guerdon. bis.

168 736 505 53 Mais Ieſus Chriſt, qui en pur don.

122 776 471 51 Promet à tous croyans ſa grace,

119 815 460 51 De mon eſprit la peur efface,

120 851 415 53 Me diſant, Si par ferme foy

125 892 493 52 Tu mets peine à ſuyure ma trace,

118 932 463 55 I’ay gagné le pardon pour toy.

303 974 238 47 Autre chanſon.

186 1009 563 54 Auſſe le vol de ma plume humble &

183 1045 89 50 baſſe,

117 1084 566 65 Eſprit Diuin, qui à chanter m’incites:

118 584 43 94 I

123 1015 47 69 H
