892 1332
153 73 95 56 144

380 60 219 62 Chanſons

149 122 632 51 Tant q̃ volãt des Indes iuſqu’aux Scythes,

153 165 565 44 Nouueau ſentier par l’air elle ſe trace.

155 204 520 45 Ie ne quiers pas obtenir ceſte grace

153 242 573 46 Pour de ma gloire eſtendre les limites:

153 282 603 45 Maudit l’auteur & ſes œuures maudites,

159 321 632 49 Qui gloire a ſoy, nõ pas a Dieu pourchaſſe

154 361 507 46 Le premier but de mes affections,

156 403 530 43 N’eſt que de voir les autres nations

155 439 633 47 Par mon exemple a Dieu rendre louanges:

158 478 574 46 Si ie ne ſuis facond pour les mouuoir,

159 515 596 45 Qui ſait ſi Dieu monſtrera ſon pouuoir?

156 554 635 50 Fait-il pas bien des choſes plus eſtranges?

313 602 336 44 Chanſon ſur le chant.

322 639 327 46 N’eſt-il pas bien aiſe.

159 683 633 49 De la Cene que Ieſus Chriſt fit auec ſes Apoſtres de¬

191 720 601 57 uant ſa Paſsion, par laquelle noz pechez nous ſont

190 755 146 39 pardonnez.

259 791 242 47 Eſois à malaiſe,

261 830 355 54 Poure homme pecheur.

256 871 272 50 Et pren à ton aiſe,

162 910 312 46 Chriſt ton Createur.

158 948 440 51 Ieſus ſentant venir ſa paſsion,

159 989 424 49 Auec les fiens fit celebration

159 1024 291 49 De ſa ſaincte Cene,

159 1067 235 43 Dont relation:

158 1103 309 52 Nous eſt choſe ſaine

161 788 83 106 N

764 1144 29 55 A
