892 1332
686 82 72 57 145

291 66 264 67 Spirituelles.

137 125 638 59 A ſaluation. Ne ſois, &c.

176 169 586 51 Prenant le pain, dit aux ſiens hautemẽt,

136 207 605 56 C’eſt ci mon corps, croyez le fermement,

140 248 304 47 Qui à mort cruelle

139 285 255 48 Toſt ſe va liurer,

131 326 319 46 Pour l’homme fidele

128 358 651 60 D’enfer deliurer. Ne ſois, &c.

182 405 479 49 Ayant auſsi le hanap en ſa main,

131 442 598 55 Leur dit, Ceci eſt mon ſang pour certain,

139 481 274 50 Qui (ie vous affie)

136 522 224 47 Sera reſpandu,

129 560 284 45 Pour de mort a vie

126 593 644 61 L’homme eſtre rendu. Ne ſois, &c.

158 636 597 58 Puis q̃ pour nous leſus Chriſt s’eſt dõné,

134 676 518 52 Que le pecheur ne ſoit plus eſtonné

127 714 276 49 Pour ſon malefice

125 754 276 49 Et peché commis:

127 792 237 47 Car le Sacrifice

123 824 647 67 De Chriſt l’a remis. Ne ſois, &c.

126 869 622 61 Chriſt s’eſt liuré pour noꝰ à mort en croix,

122 907 550 63 Et fait ce bien (pecheur, ſi tu le croix)

128 947 256 52 Que de ſa iuſtice

120 990 247 45 Et propre vertu,

121 1027 230 47 Par ce beneſice

117 1061 650 65 Il t’a reueſtu. Ne ſois, &c.

119 1103 448 66 Ce qu’il auoit, il te l’a conferé,

564 1149 57 66 k .i.
