892 1332
142 88 85 58 146

360 68 218 61 Chanſons

142 130 479 60 Et le tien mal en ſoy a transferé:

144 179 339 51 Dieu plus ne t’impute,

148 217 296 49 Ton mal & meffait,

149 258 302 47 Car Chriſt le repute

142 283 644 63 Pour ſien en effet. Ne ſois, &c.

197 324 544 57 Non que leſus euſt fait aucun peché,

147 365 625 59 Mais voyant l’homme eſtant ſi empeſché

149 413 216 48 Il ſe conſtitue

149 451 304 48 Pour luy le detteur,

150 492 294 45 Puis en ſaiſon deue

151 519 641 57 S'en fait le payeur, Ne ſois, &c.

199 563 445 51 Iſrael fut de manne alimenté,

154 602 573 55 Pour quelque temps de cela ſubſtanté,

153 647 251 48 Sous vne figure,

159 685 340 49 Qu’en vn temps prefix

156 726 300 47 Dieu feroit paſture,

157 751 633 63 De ſon propre Fils. Ne ſois, &c.

207 797 461 51 Ores à nous eſt baillé & rendu,

164 835 618 51 Chriſt le vray pain, du haut ciel deſcendu

163 879 297 51 Qui eſt ſans feintiſe

160 919 358 48 De trop plus grand pris,

164 958 289 50 Que cil que Moyſe

161 985 641 61 Et les ſiens ont pris. Ne ſois, &c.

206 1027 564 57 Manne le corps ſeulement nourriſſoit

162 1067 598 58 Non pas l’eſprit, car ſoudain pourriſſoit.

162 1114 279 52 Mais ceſte paſture,

696 1141 97 50 Dont
