<?xml version="1.0" encoding="UTF-8"?>
<alto xmlns:xsi="http://www.w3.org/2001/XMLSchema-instance"
      xmlns="http://www.loc.gov/standards/alto/ns-v4#"
      xsi:schemaLocation="http://www.loc.gov/standards/alto/ns-v4# http://www.loc.gov/standards/alto/v4/alto-4-2.xsd">
  <Description>
    <MeasurementUnit>pixel</MeasurementUnit>
    <sourceImageInformation>
      <fileName>150_b0b25_default.jpg</fileName>
      <fileIdentifier>https://www.e-rara.ch/i3f/v20/12575461/full/full/0/default.jpg</fileIdentifier>
    </sourceImageInformation>
  </Description>
  <Tags>
    <OtherTag ID="BT7" LABEL="CustomZone" DESCRIPTION="block type CustomZone"/><OtherTag ID="BT8" LABEL="DamageZone" DESCRIPTION="block type DamageZone"/><OtherTag ID="BT9" LABEL="DigitizationArtefactZone" DESCRIPTION="block type DigitizationArtefactZone"/><OtherTag ID="BT10" LABEL="DropCapitalZone" DESCRIPTION="block type DropCapitalZone"/><OtherTag ID="BT11" LABEL="GraphicZone" DESCRIPTION="block type GraphicZone"/><OtherTag ID="BT12" LABEL="MainZone" DESCRIPTION="block type MainZone"/><OtherTag ID="BT13" LABEL="MarginTextZone" DESCRIPTION="block type MarginTextZone"/><OtherTag ID="BT14" LABEL="MusicZone" DESCRIPTION="block type MusicZone"/><OtherTag ID="BT15" LABEL="NumberingZone" DESCRIPTION="block type NumberingZone"/><OtherTag ID="BT17" LABEL="QuireMarksZone" DESCRIPTION="block type QuireMarksZone"/><OtherTag ID="BT18" LABEL="RunningTitleZone" DESCRIPTION="block type RunningTitleZone"/><OtherTag ID="BT19" LABEL="SealZone" DESCRIPTION="block type SealZone"/><OtherTag ID="BT20" LABEL="StampZone" DESCRIPTION="block type StampZone"/><OtherTag ID="BT21" LABEL="TableZone" DESCRIPTION="block type TableZone"/><OtherTag ID="BT22" LABEL="TitlePageZone" DESCRIPTION="block type TitlePageZone"/>
    <OtherTag ID="LT7" LABEL="CustomLine" DESCRIPTION="line type CustomLine"/><OtherTag ID="LT8" LABEL="DefaultLine" DESCRIPTION="line type DefaultLine"/><OtherTag ID="LT9" LABEL="DropCapitalLine" DESCRIPTION="line type DropCapitalLine"/><OtherTag ID="LT10" LABEL="HeadingLine" DESCRIPTION="line type HeadingLine"/><OtherTag ID="LT11" LABEL="InterlinearLine" DESCRIPTION="line type InterlinearLine"/><OtherTag ID="LT12" LABEL="MusicLine" DESCRIPTION="line type MusicLine"/><OtherTag ID="LT1244" LABEL="default" DESCRIPTION="line type default"/>
  </Tags>
  <Layout>
    <Page WIDTH="892"
          HEIGHT="1332"
          PHYSICAL_IMG_NR="150"
          ID="eSc_dummypage_">
      <PrintSpace HPOS="0"
                  VPOS="0"
                  WIDTH="892"
                  HEIGHT="1332">
        <TextBlock HPOS="670"
                   VPOS="76"
                   WIDTH="114"
                   HEIGHT="79"
                   ID="eSc_textblock_d1fae9b2"
                   TAGREFS="BT15">
          <Shape><Polygon POINTS="670 76 670 155 784 155 784 76"/></Shape>
          <TextLine ID="eSc_line_d7876253"
                    TAGREFS="LT8"
                    BASELINE="693 130 777 133" 
                    HPOS="690"
                    VPOS="91"
                    WIDTH="86"
                    HEIGHT="67">
            <Shape><Polygon POINTS="692 129 690 152 774 158 776 132 776 95 692 91 692 129"/></Shape>
            <String CONTENT="147"
                    HPOS="690"
                    VPOS="91"
                    WIDTH="86"
                    HEIGHT="67"
                    WC="0.9946640531222025"></String>
          </TextLine>
        </TextBlock>
        <TextBlock HPOS="256"
                   VPOS="63"
                   WIDTH="298"
                   HEIGHT="86"
                   ID="eSc_textblock_5c3e649d"
                   TAGREFS="BT18">
          <Shape><Polygon POINTS="256 63 256 149 554 149 554 63"/></Shape>
          <TextLine ID="eSc_line_78faffc8"
                    TAGREFS="LT10"
                    BASELINE="271 119 538 123" 
                    HPOS="270"
                    VPOS="73"
                    WIDTH="268"
                    HEIGHT="66">
            <Shape><Polygon POINTS="271 119 270 128 287 138 288 138 325 139 326 139 327 139 344 130 364 133 365 133 377 130 392 139 393 139 394 139 410 139 411 139 412 139 412 138 420 131 437 135 438 135 477 131 488 139 489 139 490 139 491 139 501 133 511 138 512 138 538 137 538 123 538 91 495 87 484 76 483 76 444 76 443 76 442 76 410 89 367 88 361 82 360 82 359 82 358 82 350 89 326 89 299 74 298 74 276 73 271 77"/></Shape>
            <String CONTENT="Spirituelles."
                    HPOS="270"
                    VPOS="73"
                    WIDTH="268"
                    HEIGHT="66"
                    WC="0.9844081080876864"></String>
          </TextLine>
        </TextBlock>
        <TextBlock HPOS="137"
                   VPOS="124"
                   WIDTH="678"
                   HEIGHT="1047"
                   ID="eSc_textblock_3e9ee863"
                   TAGREFS="BT12">
          <Shape><Polygon POINTS="137 124 137 1171 468 1164 815 1044 810 247 599 124"/></Shape>
          <TextLine ID="eSc_line_b713da9c"
                    TAGREFS="LT8"
                    BASELINE="153 167 547 175" 
                    HPOS="152"
                    VPOS="133"
                    WIDTH="395"
                    HEIGHT="54">
            <Shape><Polygon POINTS="153 136 153 167 152 177 166 181 167 181 168 181 168 181 175 176 189 176 212 182 213 182 213 182 252 177 270 183 270 183 271 183 272 183 288 179 343 179 364 184 365 184 366 184 367 184 384 179 414 185 415 185 456 182 467 187 467 187 468 187 546 186 547 175 547 150 532 150 526 143 526 142 525 142 524 142 524 142 469 148 439 144 438 144 438 144 437 144 430 148 398 148 389 142 388 142 387 142 387 142 353 146 345 140 344 140 344 140 343 140 342 140 341 140 338 143 326 139 325 139 324 139 324 139 310 145 291 145 272 136 271 136 270 136 233 142 225 136 225 136 224 136 155 133 153 136"/></Shape>
            <String CONTENT="Dont Chriſt nous nourrit,"
                    HPOS="152"
                    VPOS="133"
                    WIDTH="395"
                    HEIGHT="54"
                    WC="0.9821695137023926"></String>
          </TextLine>
          <TextLine ID="eSc_line_0aba1a45"
                    TAGREFS="LT8"
                    BASELINE="152 205 507 211" 
                    HPOS="151"
                    VPOS="175"
                    WIDTH="356"
                    HEIGHT="48">
            <Shape><Polygon POINTS="152 205 151 213 194 213 199 219 199 219 200 219 201 219 202 219 242 216 247 219 247 220 247 220 248 220 249 221 273 221 273 220 274 220 275 220 282 216 329 222 330 222 358 217 373 222 373 222 374 222 451 219 499 219 504 223 507 211 506 185 468 187 446 179 445 179 444 179 444 179 434 183 418 179 417 179 393 179 392 179 391 179 374 185 369 182 368 182 367 182 367 182 343 185 330 177 330 177 329 177 328 177 327 177 312 184 265 184 241 176 240 176 239 176 239 176 222 182 212 179 211 179 210 179 210 179 198 182 190 176 190 175 190 175 189 175 188 175 152 177 152 205"/></Shape>
            <String CONTENT="Touſiours ſans fin dure"
                    HPOS="151"
                    VPOS="175"
                    WIDTH="356"
                    HEIGHT="48"
                    WC="0.9993981252545896"></String>
          </TextLine>
          <TextLine ID="eSc_line_846607d8"
                    TAGREFS="LT8"
                    BASELINE="148 244 776 255" 
                    HPOS="146"
                    VPOS="209"
                    WIDTH="629"
                    HEIGHT="62">
            <Shape><Polygon POINTS="147 243 146 255 167 254 209 263 303 257 312 264 402 265 413 255 459 255 543 261 582 257 596 267 616 259 664 268 673 260 688 261 714 271 744 264 773 267 775 228 760 220 648 217 592 217 570 227 486 227 462 218 399 225 384 214 279 223 247 210 197 219 186 210 147 209 147 243"/></Shape>
            <String CONTENT="Et point ne perit. Ne ſois, &amp;c."
                    HPOS="146"
                    VPOS="209"
                    WIDTH="629"
                    HEIGHT="62"
                    WC="0.966415612928329"></String>
          </TextLine>
          <TextLine ID="eSc_line_76d4a5bc"
                    TAGREFS="LT8"
                    BASELINE="148 283 771 296" 
                    HPOS="147"
                    VPOS="253"
                    WIDTH="624"
                    HEIGHT="57">
            <Shape><Polygon POINTS="148 283 147 294 183 292 209 299 210 299 243 300 244 300 245 300 266 294 316 294 340 302 341 302 367 303 368 303 369 303 391 296 410 304 410 304 411 304 412 304 438 297 453 304 453 304 477 305 478 305 520 299 587 299 629 302 637 308 638 308 638 308 639 308 704 304 721 310 721 310 722 310 770 309 771 296 771 264 730 263 729 263 729 263 712 270 697 262 696 262 695 262 662 268 624 261 623 261 622 261 607 266 589 262 588 262 587 262 587 262 580 267 519 267 507 259 506 259 505 259 504 259 461 264 445 259 444 259 444 259 443 259 430 264 413 257 413 257 412 257 411 257 390 264 367 264 299 263 287 254 286 254 285 254 284 254 251 261 239 256 238 256 237 256 203 260 188 253 188 253 187 253 148 255 148 283"/></Shape>
            <String CONTENT="Manger le corps du Seigneur Ieſus Chriſt,"
                    HPOS="147"
                    VPOS="253"
                    WIDTH="624"
                    HEIGHT="57"
                    WC="0.9881855104027725"></String>
          </TextLine>
          <TextLine ID="eSc_line_c46648da"
                    TAGREFS="LT8"
                    BASELINE="148 321 664 331" 
                    HPOS="147"
                    VPOS="292"
                    WIDTH="517"
                    HEIGHT="57">
            <Shape><Polygon POINTS="148 321 147 332 293 333 311 342 312 342 313 342 313 342 314 342 324 335 344 344 345 344 346 344 433 338 443 345 444 345 444 345 465 346 466 346 534 338 539 341 540 341 541 341 541 341 577 340 601 348 602 348 662 349 664 331 664 310 624 300 624 300 623 300 578 304 557 299 556 299 555 299 524 304 517 298 516 298 515 298 503 298 502 298 501 298 483 305 471 301 470 301 470 301 469 301 450 306 433 297 433 297 432 297 431 297 412 306 386 306 325 303 307 294 306 294 305 294 304 294 304 294 289 303 271 301 263 294 263 293 262 293 262 293 246 293 245 293 245 293 244 293 229 302 199 302 148 292 148 321"/></Shape>
            <String CONTENT="Boire ſon ſang ainſi qu’il eſt eſcrit,"
                    HPOS="147"
                    VPOS="292"
                    WIDTH="517"
                    HEIGHT="57"
                    WC="0.9806722637854124"></String>
          </TextLine>
          <TextLine ID="eSc_line_bddd7fd0"
                    TAGREFS="LT8"
                    BASELINE="151 360 501 367" 
                    HPOS="151"
                    VPOS="331"
                    WIDTH="350"
                    HEIGHT="47">
            <Shape><Polygon POINTS="151 360 151 371 159 367 180 367 187 372 188 372 188 372 189 372 214 369 287 373 287 373 323 370 361 376 361 376 430 372 436 376 436 376 437 376 438 376 455 373 465 378 466 378 467 378 501 373 501 367 501 343 398 343 381 334 380 334 379 334 379 334 362 342 310 335 310 335 309 335 292 340 274 339 255 331 254 331 253 331 151 333 151 360"/></Shape>
            <String CONTENT="C’eſt fermement croire"
                    HPOS="151"
                    VPOS="331"
                    WIDTH="350"
                    HEIGHT="47"
                    WC="0.9911074909296903"></String>
          </TextLine>
          <TextLine ID="eSc_line_c739d9ff"
                    TAGREFS="LT8"
                    BASELINE="156 400 469 405" 
                    HPOS="156"
                    VPOS="371"
                    WIDTH="313"
                    HEIGHT="50">
            <Shape><Polygon POINTS="156 400 156 407 201 417 202 418 217 418 217 417 218 417 233 409 247 415 247 415 248 415 249 415 250 415 256 411 312 414 313 414 313 414 326 410 424 421 424 421 468 412 469 405 469 381 407 381 402 375 402 375 401 375 401 375 400 375 336 379 311 373 310 373 310 373 309 373 293 378 272 375 271 375 270 375 259 378 246 372 245 372 245 372 202 377 187 371 186 371 185 371 156 371 156 400"/></Shape>
            <String CONTENT="Que dans nos eſprits"
                    HPOS="156"
                    VPOS="371"
                    WIDTH="313"
                    HEIGHT="50"
                    WC="0.969483208656311"></String>
          </TextLine>
          <TextLine ID="eSc_line_f444fc09"
                    TAGREFS="LT8"
                    BASELINE="151 437 501 444" 
                    HPOS="150"
                    VPOS="407"
                    WIDTH="351"
                    HEIGHT="51">
            <Shape><Polygon POINTS="151 437 150 446 210 452 210 452 211 452 212 452 219 446 234 453 235 453 236 453 254 449 276 453 277 453 278 453 287 448 325 455 326 456 352 456 352 455 353 455 353 455 353 455 359 450 400 457 401 458 421 458 421 457 422 457 423 457 430 452 467 455 467 455 500 452 501 444 500 417 474 420 458 412 458 412 457 412 456 412 444 418 430 412 429 412 428 412 398 418 383 411 382 411 361 411 361 411 360 411 339 417 328 409 327 409 327 409 326 409 272 415 255 408 254 408 253 408 196 414 178 407 177 407 176 407 151 410 151 437"/></Shape>
            <String CONTENT="Chriſt le Roy de gloire"
                    HPOS="150"
                    VPOS="407"
                    WIDTH="351"
                    HEIGHT="51"
                    WC="0.9740479433018229"></String>
          </TextLine>
          <TextLine ID="eSc_line_7b63f0a8"
                    TAGREFS="LT8"
                    BASELINE="148 478 791 488" 
                    HPOS="146"
                    VPOS="442"
                    WIDTH="644"
                    HEIGHT="61">
            <Shape><Polygon POINTS="147 477 146 485 195 490 205 483 222 495 254 496 265 488 372 498 428 490 437 497 443 497 452 488 574 488 594 496 622 492 646 502 683 497 719 503 789 495 790 487 789 465 719 455 697 458 690 451 652 451 640 461 625 450 589 450 578 461 435 460 403 452 387 458 368 450 319 453 293 445 239 449 147 442 147 477"/></Shape>
            <String CONTENT="Par foy eſt compris. Ne ſois, &amp;c."
                    HPOS="146"
                    VPOS="442"
                    WIDTH="644"
                    HEIGHT="61"
                    WC="0.995718417745648"></String>
          </TextLine>
          <TextLine ID="eSc_line_dabe5415"
                    TAGREFS="LT8"
                    BASELINE="176 517 773 527" 
                    HPOS="176"
                    VPOS="486"
                    WIDTH="597"
                    HEIGHT="54">
            <Shape><Polygon POINTS="176 517 176 526 203 524 220 532 221 532 264 532 265 532 298 526 304 531 305 531 306 531 307 531 330 526 341 532 341 532 342 532 343 532 359 528 390 535 390 535 415 535 415 535 416 535 416 535 427 528 433 533 433 533 434 533 435 533 436 533 444 530 454 534 455 534 455 534 490 529 558 529 569 535 569 535 570 535 592 531 621 536 622 536 623 536 634 532 650 538 651 538 697 540 698 540 698 540 713 535 721 540 721 540 722 540 723 540 772 539 773 527 773 506 729 500 729 500 706 504 685 494 684 494 683 494 683 494 664 504 645 504 629 503 615 493 615 493 614 493 601 492 601 492 600 492 586 500 565 500 554 495 553 495 552 495 535 497 528 492 527 492 527 492 442 490 441 490 441 490 440 490 424 500 390 500 367 495 367 495 311 498 305 493 304 493 304 493 303 493 262 497 233 486 232 486 231 486 230 486 223 489 176 486 176 517"/></Shape>
            <String CONTENT="Mãgez ce corps, dit Ieſus noſtre eſpoux:"
                    HPOS="176"
                    VPOS="486"
                    WIDTH="597"
                    HEIGHT="54"
                    WC="0.9948573853911423"></String>
          </TextLine>
          <TextLine ID="eSc_line_f592a647"
                    TAGREFS="LT8"
                    BASELINE="147 555 772 566" 
                    HPOS="146"
                    VPOS="523"
                    WIDTH="626"
                    HEIGHT="60">
            <Shape><Polygon POINTS="147 555 146 565 217 565 236 570 236 570 237 570 238 570 249 566 260 571 261 571 307 573 308 573 309 573 322 569 345 575 346 575 347 575 347 575 371 569 389 576 390 576 390 576 435 574 498 578 499 578 575 572 666 581 667 581 668 581 692 574 735 582 736 583 736 582 737 582 754 575 770 582 772 566 771 535 712 541 700 535 699 535 698 535 698 535 686 541 662 541 639 533 638 533 536 531 535 531 499 537 386 535 370 528 370 528 369 528 321 534 265 534 201 527 200 527 173 529 147 523 147 555"/></Shape>
            <String CONTENT="Beuuez mon ſang aggreable &amp; bien doux:"
                    HPOS="146"
                    VPOS="523"
                    WIDTH="626"
                    HEIGHT="60"
                    WC="0.9939924305991122"></String>
          </TextLine>
          <TextLine ID="eSc_line_103eba13"
                    TAGREFS="LT8"
                    BASELINE="148 594 447 599" 
                    HPOS="148"
                    VPOS="561"
                    WIDTH="299"
                    HEIGHT="50">
            <Shape><Polygon POINTS="148 594 148 605 179 602 194 607 195 607 196 607 226 603 240 608 241 608 242 608 275 603 291 607 292 607 293 607 330 606 334 609 335 609 336 609 445 611 447 599 447 575 362 574 335 566 334 566 333 566 333 566 314 571 307 567 306 567 305 567 304 567 304 567 296 572 276 563 276 563 275 563 246 570 222 563 222 563 148 561 148 594"/></Shape>
            <String CONTENT="Faiſans la memoire"
                    HPOS="148"
                    VPOS="561"
                    WIDTH="299"
                    HEIGHT="50"
                    WC="0.974913928243849"></String>
          </TextLine>
          <TextLine ID="eSc_line_8f1b96c8"
                    TAGREFS="LT8"
                    BASELINE="147 632 401 637" 
                    HPOS="146"
                    VPOS="603"
                    WIDTH="255"
                    HEIGHT="45">
            <Shape><Polygon POINTS="147 632 146 643 182 640 216 646 217 646 309 643 330 647 330 647 331 647 342 643 399 648 401 637 401 616 344 614 329 609 328 609 327 609 327 609 316 614 296 606 296 606 295 606 294 606 282 611 275 605 275 604 274 604 273 604 273 604 272 604 247 610 219 610 213 604 213 603 212 603 211 603 210 603 188 608 182 603 182 603 181 603 152 603 151 603 151 603 150 603 147 605 147 632"/></Shape>
            <String CONTENT="En bonne vnion"
                    HPOS="146"
                    VPOS="603"
                    WIDTH="255"
                    HEIGHT="45"
                    WC="0.9899947132383075"></String>
          </TextLine>
          <TextLine ID="eSc_line_7117dfd4"
                    TAGREFS="LT8"
                    BASELINE="148 672 427 677" 
                    HPOS="147"
                    VPOS="640"
                    WIDTH="280"
                    HEIGHT="49">
            <Shape><Polygon POINTS="148 672 147 680 179 680 194 685 195 685 196 685 219 680 237 685 238 685 239 685 296 682 322 687 322 687 344 683 349 687 350 687 350 687 351 687 379 684 386 688 387 688 387 688 388 689 418 689 418 688 418 688 419 688 427 683 427 677 427 651 387 646 387 646 386 646 385 646 380 650 316 650 302 641 302 641 301 641 221 640 199 640 198 640 197 640 196 640 187 647 148 640 148 672"/></Shape>
            <String CONTENT="De l’effect notoire"
                    HPOS="147"
                    VPOS="640"
                    WIDTH="280"
                    HEIGHT="49"
                    WC="0.9853347979093853"></String>
          </TextLine>
          <TextLine ID="eSc_line_d84053f5"
                    TAGREFS="LT8"
                    BASELINE="145 711 768 725" 
                    HPOS="143"
                    VPOS="673"
                    WIDTH="624"
                    HEIGHT="66">
            <Shape><Polygon POINTS="144 710 143 723 196 718 208 727 241 728 325 722 337 731 363 731 382 721 409 721 416 727 573 724 584 732 608 725 719 739 766 733 767 724 767 704 722 688 698 695 674 684 576 683 559 700 365 697 321 677 289 675 271 675 249 691 243 683 211 687 182 673 144 673 144 710"/></Shape>
            <String CONTENT="De ma paſsion. Ne ſois, &amp;c."
                    HPOS="143"
                    VPOS="673"
                    WIDTH="624"
                    HEIGHT="66"
                    WC="0.9866951284585176"></String>
          </TextLine>
          <TextLine ID="eSc_line_62253325"
                    TAGREFS="LT8"
                    BASELINE="182 751 741 762" 
                    HPOS="182"
                    VPOS="719"
                    WIDTH="559"
                    HEIGHT="56">
            <Shape><Polygon POINTS="182 751 182 761 204 759 210 765 211 765 212 765 230 765 230 765 231 765 247 761 257 766 258 766 259 766 299 763 331 768 332 768 442 764 471 768 472 768 473 768 473 768 478 765 518 771 518 771 546 766 592 766 613 773 614 773 615 773 615 773 625 769 649 774 650 774 651 774 652 774 657 770 675 774 675 774 676 774 677 774 687 770 740 775 741 762 740 737 705 737 696 728 695 728 695 728 694 728 663 735 634 735 619 729 618 729 618 729 617 729 616 729 611 734 592 734 572 726 571 726 570 726 538 732 514 725 513 725 512 725 487 728 481 724 481 724 480 724 479 724 478 724 456 731 413 731 407 726 406 726 405 726 404 726 370 729 330 721 305 721 304 721 304 721 303 721 293 728 276 722 276 722 275 722 274 722 258 727 225 720 182 719 182 751"/></Shape>
            <String CONTENT="Prendre ſon corps &amp; ſon ſang aualler,"
                    HPOS="182"
                    VPOS="719"
                    WIDTH="559"
                    HEIGHT="56"
                    WC="0.9780583172231108"></String>
          </TextLine>
          <TextLine ID="eSc_line_96bbf89c"
                    TAGREFS="LT8"
                    BASELINE="148 790 668 798" 
                    HPOS="148"
                    VPOS="758"
                    WIDTH="520"
                    HEIGHT="54">
            <Shape><Polygon POINTS="148 790 148 798 193 798 200 804 200 805 201 805 202 805 202 805 203 805 226 799 258 804 259 804 286 799 307 806 308 806 383 807 384 807 384 807 397 802 403 806 404 806 404 806 405 806 427 802 459 806 460 806 478 802 498 809 499 809 500 809 572 804 591 808 592 808 592 808 593 808 604 805 620 811 621 811 621 812 667 812 668 798 666 774 656 775 647 769 646 769 646 769 645 769 644 769 636 773 621 765 620 765 619 765 578 775 564 765 564 765 563 765 533 765 532 765 532 765 514 774 487 774 480 768 480 767 479 767 478 767 478 767 477 767 460 773 401 773 379 765 379 765 378 765 351 771 328 761 327 761 327 761 276 771 243 771 216 760 216 760 215 760 200 763 193 759 193 759 192 759 148 758 148 790"/></Shape>
            <String CONTENT="C’eſt viue foy qui là nous fait aller:"
                    HPOS="148"
                    VPOS="758"
                    WIDTH="520"
                    HEIGHT="54"
                    WC="0.9922227064768473"></String>
          </TextLine>
          <TextLine ID="eSc_line_0692a41c"
                    TAGREFS="LT8"
                    BASELINE="145 828 488 833" 
                    HPOS="145"
                    VPOS="797"
                    WIDTH="343"
                    HEIGHT="50">
            <Shape><Polygon POINTS="145 828 145 839 157 836 186 836 202 842 203 842 204 842 205 842 205 842 213 836 233 840 233 840 250 837 276 844 276 844 277 844 312 839 359 847 360 847 414 843 420 846 421 846 421 846 422 846 440 842 464 846 465 846 466 846 487 840 488 833 488 812 444 802 444 802 443 802 427 811 402 811 326 809 309 799 308 799 307 799 307 799 295 805 290 800 290 799 289 799 288 799 287 799 257 802 256 802 247 807 239 800 239 800 238 800 237 800 236 800 221 806 200 798 199 798 145 797 145 828"/></Shape>
            <String CONTENT="Et nous fait apprendre"
                    HPOS="145"
                    VPOS="797"
                    WIDTH="343"
                    HEIGHT="50"
                    WC="0.9813107062469829"></String>
          </TextLine>
          <TextLine ID="eSc_line_81c9983d"
                    TAGREFS="LT8"
                    BASELINE="149 868 445 872" 
                    HPOS="148"
                    VPOS="838"
                    WIDTH="297"
                    HEIGHT="48">
            <Shape><Polygon POINTS="149 868 148 876 156 879 156 879 157 879 196 876 202 882 202 883 203 883 204 883 205 884 222 884 222 883 222 883 223 883 231 877 254 884 255 884 256 884 256 884 277 878 298 885 299 885 299 885 339 879 361 885 362 885 363 885 390 880 396 885 396 886 396 886 397 886 398 886 444 879 445 872 445 846 412 842 411 842 410 842 393 850 347 850 329 845 328 845 276 848 273 845 273 844 272 844 271 844 270 844 270 844 258 848 249 839 248 839 247 839 247 839 246 839 222 845 216 840 215 840 214 840 213 840 188 844 176 839 176 839 149 838 149 868"/></Shape>
            <String CONTENT="Ce que ne pourroit"
                    HPOS="148"
                    VPOS="838"
                    WIDTH="297"
                    HEIGHT="48"
                    WC="0.9845157298776839"></String>
          </TextLine>
          <TextLine ID="eSc_line_743dcea8"
                    TAGREFS="LT8"
                    BASELINE="150 905 550 914" 
                    HPOS="149"
                    VPOS="875"
                    WIDTH="401"
                    HEIGHT="52">
            <Shape><Polygon POINTS="150 905 149 915 220 915 231 920 232 920 233 920 233 920 244 915 274 915 289 922 290 922 316 923 317 923 318 923 339 917 388 925 453 926 453 926 481 920 527 927 527 927 550 924 550 914 550 893 525 893 513 883 512 883 512 883 485 883 484 883 484 883 456 891 420 887 419 887 401 889 384 884 383 884 382 884 353 889 301 888 284 881 283 881 282 881 282 881 266 886 251 877 250 877 250 877 230 877 230 877 229 877 212 884 200 878 199 878 199 878 198 878 190 882 185 876 185 876 184 876 183 876 150 875 150 905"/></Shape>
            <String CONTENT="Tout homme comprendre,"
                    HPOS="149"
                    VPOS="875"
                    WIDTH="401"
                    HEIGHT="52"
                    WC="0.9795862138271332"></String>
          </TextLine>
          <TextLine ID="eSc_line_ccd8d94e"
                    TAGREFS="LT8"
                    BASELINE="151 944 781 955" 
                    HPOS="148"
                    VPOS="906"
                    WIDTH="632"
                    HEIGHT="65">
            <Shape><Polygon POINTS="273 907 239 915 202 906 187 916 149 907 148 961 254 963 266 957 281 964 302 959 342 964 348 957 383 965 464 955 573 956 614 969 639 960 665 967 687 963 699 971 737 965 765 971 779 960 780 954 780 922 600 914 569 929 469 929 436 927 418 915 381 925 335 912 296 919 273 907"/></Shape>
            <String CONTENT="Qui la foy n’auroit. Ne ſois, &amp;c."
                    HPOS="148"
                    VPOS="906"
                    WIDTH="632"
                    HEIGHT="65"
                    WC="0.9808242411324473"></String>
          </TextLine>
          <TextLine ID="eSc_line_8a0fc164"
                    TAGREFS="LT8"
                    BASELINE="176 984 681 993" 
                    HPOS="176"
                    VPOS="953"
                    WIDTH="505"
                    HEIGHT="51">
            <Shape><Polygon POINTS="176 984 176 991 194 996 195 996 196 996 213 993 221 999 222 999 222 999 223 999 247 994 274 999 275 999 305 994 323 1000 324 1000 324 1000 341 997 407 1001 407 1001 430 996 484 1002 484 1002 485 1002 497 999 501 1003 502 1003 503 1003 570 1004 571 1004 572 1004 572 1004 581 999 680 1003 681 993 681 970 670 961 669 961 669 961 633 960 632 960 632 960 631 960 618 970 590 970 576 959 575 959 575 959 474 958 473 958 473 958 448 966 417 966 340 959 339 959 222 963 200 953 199 953 199 953 176 957 176 984"/></Shape>
            <String CONTENT="Conuenons tous en louable vnité,"
                    HPOS="176"
                    VPOS="953"
                    WIDTH="505"
                    HEIGHT="51"
                    WC="0.9974056355880968"></String>
          </TextLine>
          <TextLine ID="eSc_line_04bbba52"
                    TAGREFS="LT8"
                    BASELINE="146 1021 677 1031" 
                    HPOS="145"
                    VPOS="993"
                    WIDTH="532"
                    HEIGHT="50">
            <Shape><Polygon POINTS="146 1021 145 1029 187 1035 188 1035 207 1031 233 1036 233 1036 499 1036 575 1037 594 1042 595 1042 595 1042 635 1038 675 1043 677 1031 677 1001 610 999 609 999 609 999 608 999 599 1005 588 998 587 998 587 998 586 998 525 1001 498 996 498 996 497 996 481 1001 473 996 473 996 472 996 444 996 444 996 413 1002 405 996 404 996 404 996 403 996 308 1001 174 999 168 993 167 993 166 993 165 993 146 996 146 1021"/></Shape>
            <String CONTENT="Ayans en nons Chreſtienne charité,"
                    HPOS="145"
                    VPOS="993"
                    WIDTH="532"
                    HEIGHT="50"
                    WC="0.9942459719521659"></String>
          </TextLine>
          <TextLine ID="eSc_line_17cd842f"
                    TAGREFS="LT8"
                    BASELINE="149 1059 444 1067" 
                    HPOS="148"
                    VPOS="1031"
                    WIDTH="296"
                    HEIGHT="46">
            <Shape><Polygon POINTS="149 1059 148 1065 249 1069 256 1075 257 1075 258 1075 443 1077 444 1067 444 1045 418 1038 418 1038 417 1038 416 1038 393 1044 381 1038 381 1038 380 1038 379 1038 379 1038 371 1043 364 1039 364 1039 363 1039 338 1043 308 1038 307 1038 269 1041 256 1033 256 1033 255 1033 254 1033 198 1037 177 1031 176 1031 176 1031 149 1033 149 1059"/></Shape>
            <String CONTENT="Pour en ce conuiue"
                    HPOS="148"
                    VPOS="1031"
                    WIDTH="296"
                    HEIGHT="46"
                    WC="0.9977121551831564"></String>
          </TextLine>
          <TextLine ID="eSc_line_9761f604"
                    TAGREFS="LT8"
                    BASELINE="146 1098 414 1106" 
                    HPOS="145"
                    VPOS="1067"
                    WIDTH="269"
                    HEIGHT="51">
            <Shape><Polygon POINTS="145 1110 190 1107 198 1112 199 1112 200 1112 242 1109 312 1115 313 1115 359 1112 387 1118 413 1116 414 1106 414 1085 411 1074 383 1073 382 1073 381 1073 369 1073 368 1073 367 1073 347 1083 327 1073 326 1073 325 1073 324 1073 310 1081 284 1073 283 1073 282 1073 253 1081 238 1081 227 1073 226 1073 225 1073 189 1073 173 1067 172 1067 146 1069 146 1098"/></Shape>
            <String CONTENT="De pain &amp; de vin,"
                    HPOS="145"
                    VPOS="1067"
                    WIDTH="269"
                    HEIGHT="51"
                    WC="0.9675380517454708"></String>
          </TextLine>
          <TextLine ID="eSc_line_1405a635"
                    TAGREFS="LT8"
                    BASELINE="145 1138 462 1145" 
                    HPOS="145"
                    VPOS="1107"
                    WIDTH="317"
                    HEIGHT="58">
            <Shape><Polygon POINTS="145 1138 145 1158 159 1159 159 1159 160 1159 161 1159 170 1152 179 1152 213 1152 222 1160 222 1161 222 1161 223 1161 224 1161 241 1161 241 1161 242 1161 242 1161 249 1155 286 1161 287 1161 287 1161 288 1161 288 1161 293 1155 310 1155 320 1158 321 1158 322 1158 353 1155 392 1164 393 1165 406 1165 406 1164 407 1164 407 1164 407 1164 415 1158 425 1165 426 1165 427 1165 427 1165 428 1165 439 1161 461 1161 462 1145 461 1112 433 1115 412 1112 411 1112 410 1112 392 1118 370 1115 370 1115 347 1117 338 1110 337 1110 336 1110 336 1110 335 1110 317 1116 286 1109 285 1109 251 1115 245 1112 245 1112 244 1112 243 1112 216 1115 180 1107 179 1107 145 1107 145 1138"/></Shape>
            <String CONTENT="Manger la chair viué"
                    HPOS="145"
                    VPOS="1107"
                    WIDTH="317"
                    HEIGHT="58"
                    WC="0.9724709817341396"></String>
          </TextLine>
        </TextBlock>
        <TextBlock HPOS="540"
                   VPOS="1144"
                   WIDTH="124"
                   HEIGHT="65"
                   ID="eSc_textblock_a19748dc"
                   TAGREFS="BT17">
          <Shape><Polygon POINTS="540 1144 540 1209 664 1209 664 1144"/></Shape>
          <TextLine ID="eSc_line_69ccceba"
                    TAGREFS="LT8"
                    BASELINE="565 1187 644 1187" 
                    HPOS="565"
                    VPOS="1143"
                    WIDTH="79"
                    HEIGHT="63">
            <Shape><Polygon POINTS="643 1143 592 1151 591 1151 567 1149 565 1150 565 1187 565 1200 584 1200 592 1206 593 1206 594 1206 595 1206 644 1204 644 1187 642 1172 639 1166"/></Shape>
            <String CONTENT="K .ii."
                    HPOS="565"
                    VPOS="1143"
                    WIDTH="79"
                    HEIGHT="63"
                    ></String>
          </TextLine>
        </TextBlock>
      </PrintSpace>
    </Page>
  </Layout>
</alto>
