892 1332
292 30 264 89 Spirituelles.

709 59 63 57 151

193 113 359 50 Craignons treſtous ceci

147 153 330 49 Qui eſt dit en ce liure,

145 195 350 48 Qu’a ce peuple endurci

143 233 315 46 Dieu iura en ſon ire:

141 273 442 47 Pourtant qu’il ne veut ſuyure

141 313 345 45 Son vouloir & propos,

142 350 373 45 Et ne taſche a bien viure,

138 384 638 57 Il n’aura ſon repos. Au nom, &c

275 444 317 50 Chanſon ſur le chant

296 488 294 48 Les Bourguignons.

265 536 467 48 Vand i’ay bien a mon cas penſé,

267 575 419 47 D’vne choſe me reconforte:

277 614 435 52 Quand le corps ſera treſpaſſé,

149 660 424 43 Mon ame ne ſera pas morte:

153 692 515 50 Car leur main n’eſt pas aſſez forte:

152 736 404 46 De pouuoir ſi cruellement

151 772 446 45 Faire mourir tout d’vne ſorte

151 810 502 46 Le corps & l’ame enſemblement.

199 852 482 46 Mes compaignons & bons amis,

154 891 487 45 Deuant que mourir ie vous prie,

156 930 469 46 Ne craignez point les ennemis,

159 968 455 47 Qui ne peuuent qu’oſter la vie

156 1006 530 46 Du poure corps quoy qu’on en die.

158 1046 465 44 Craignez celuy tant ſeulement,

162 1084 415 51 Qui peut, s’il en auoit enuie

557 1115 98 61 K .iiii.

149 533 111 125 Q
