892 1332
129 75 70 52 152

325 51 222 71 Chanſons

122 131 528 45 Mettre ame & corps a domnement,

173 167 466 49 Mais en crainte ne ſoyons tant,

125 205 462 49 Que n’ayons en luy eſperance:

124 245 453 43 Digne n’eſt d’eſtre ſon enfant,

129 284 428 44 Qui n’a mis en luy ſa fiance:

125 324 364 43 Il a fait à nous alliance,

127 361 442 48 Que la foy viue entretiendra:

128 404 463 42 Demandons luy en aſſeurance,

127 441 469 45 Croyans qu’il la nous donnera.

175 481 386 45 Contentons nous de cela.

124 518 500 46 Sans que noſtre ame ſoit troublée

124 561 466 44 De ce que Dieu nous enuoyera,

124 598 408 45 En attendant celle iournée,

128 634 318 48 Qu’elle ſera raſſaſiée

126 672 463 50 D’vn plaiſir ſi grand & ſi doux,

122 714 410 46 En eſtant au ciel colloquée

125 753 443 49 Auec leſus Chriſt ſon eſpoux.

256 817 374 53 Complainte de Suſanne.

181 875 500 50 Vſanne vn iour d’amour ſolicitée

194 911 560 50 Par deux viellards, cõuoitans ſa beauté

178 953 582 49 Fut en ſon cœur, triſte & deſconfortée:

131 994 475 45 Voyant l’effort fait a ſa chaſteté.

129 1031 444 53 Elle leur dit, ſi par deſloyauté

129 1075 604 42 De ce corps mien, vous auez iouyſſance,

133 1111 542 52 C’eſt fait de moy, ſi ie fais reſiſtance,

128 871 51 108 S

667 1154 85 51 Vous
