892 1332
702 95 91 65 153

297 67 263 76 Spirituelles.

143 136 566 57 Vous me ferez mourir en deſhonneur

138 174 628 60 Mais i’ayme mieux mourir en innoſſence,

141 213 567 62 Que d’offencer par peché le Seigneur.

155 265 578 61 Sur le chãt. Helas Seigneur tu cognois.

222 318 468 58 Elas mon Dieu tu cognois bien,

220 361 455 51 Que nier ne puis mon offence.

216 396 468 62 Mais tu cognois aſſez combien,

132 434 488 55 Ie ſuis mauuais de ma n’aiſſance

185 473 404 59 O Eternel par ta clemence,

131 514 371 50 Pardonne mon iniquité,

133 552 459 54 Me donnant en viue eſperance

131 590 414 53 La foy ouurant par charité.

176 627 408 58 La foy ouurant par charité,

128 666 393 54 Entierement nous iuſtifie.

130 705 426 55 Le ſang de Chriſt en verité,

129 749 467 47 De tous pechez nous mondifie.

181 785 355 53 O Eternel, ie te ſupplie,

128 822 492 56 De nous donner ton ſainct Eſprit

128 863 396 50 Afin qu’en la nouuelle vie,

131 899 390 52 Viuions auec Ieſus Chriſt.

177 950 494 61 Sur le chant, Aduiene qui pourra.

214 1006 372 49 Duiene qui pourra venir

218 1044 492 55 Puis que Ieſus eſt mort pour moy

215 1083 450 53 En luy ie veux viure & mourir

126 1118 391 59 Perſeuerant en ferme foy:

137 311 91 103 H

129 1002 78 95 A
