<?xml version="1.0" encoding="UTF-8"?>
<alto xmlns:xsi="http://www.w3.org/2001/XMLSchema-instance"
      xmlns="http://www.loc.gov/standards/alto/ns-v4#"
      xsi:schemaLocation="http://www.loc.gov/standards/alto/ns-v4# http://www.loc.gov/standards/alto/v4/alto-4-2.xsd">
  <Description>
    <MeasurementUnit>pixel</MeasurementUnit>
    <sourceImageInformation>
      <fileName>158_d9539_default.jpg</fileName>
      <fileIdentifier>https://www.e-rara.ch/i3f/v20/12575469/full/full/0/default.jpg</fileIdentifier>
    </sourceImageInformation>
  </Description>
  <Tags>
    <OtherTag ID="BT7" LABEL="CustomZone" DESCRIPTION="block type CustomZone"/><OtherTag ID="BT8" LABEL="DamageZone" DESCRIPTION="block type DamageZone"/><OtherTag ID="BT9" LABEL="DigitizationArtefactZone" DESCRIPTION="block type DigitizationArtefactZone"/><OtherTag ID="BT10" LABEL="DropCapitalZone" DESCRIPTION="block type DropCapitalZone"/><OtherTag ID="BT11" LABEL="GraphicZone" DESCRIPTION="block type GraphicZone"/><OtherTag ID="BT12" LABEL="MainZone" DESCRIPTION="block type MainZone"/><OtherTag ID="BT13" LABEL="MarginTextZone" DESCRIPTION="block type MarginTextZone"/><OtherTag ID="BT14" LABEL="MusicZone" DESCRIPTION="block type MusicZone"/><OtherTag ID="BT15" LABEL="NumberingZone" DESCRIPTION="block type NumberingZone"/><OtherTag ID="BT17" LABEL="QuireMarksZone" DESCRIPTION="block type QuireMarksZone"/><OtherTag ID="BT18" LABEL="RunningTitleZone" DESCRIPTION="block type RunningTitleZone"/><OtherTag ID="BT19" LABEL="SealZone" DESCRIPTION="block type SealZone"/><OtherTag ID="BT20" LABEL="StampZone" DESCRIPTION="block type StampZone"/><OtherTag ID="BT21" LABEL="TableZone" DESCRIPTION="block type TableZone"/><OtherTag ID="BT22" LABEL="TitlePageZone" DESCRIPTION="block type TitlePageZone"/>
    <OtherTag ID="LT7" LABEL="CustomLine" DESCRIPTION="line type CustomLine"/><OtherTag ID="LT8" LABEL="DefaultLine" DESCRIPTION="line type DefaultLine"/><OtherTag ID="LT9" LABEL="DropCapitalLine" DESCRIPTION="line type DropCapitalLine"/><OtherTag ID="LT10" LABEL="HeadingLine" DESCRIPTION="line type HeadingLine"/><OtherTag ID="LT11" LABEL="InterlinearLine" DESCRIPTION="line type InterlinearLine"/><OtherTag ID="LT12" LABEL="MusicLine" DESCRIPTION="line type MusicLine"/><OtherTag ID="LT1244" LABEL="default" DESCRIPTION="line type default"/>
  </Tags>
  <Layout>
    <Page WIDTH="892"
          HEIGHT="1332"
          PHYSICAL_IMG_NR="158"
          ID="eSc_dummypage_">
      <PrintSpace HPOS="0"
                  VPOS="0"
                  WIDTH="892"
                  HEIGHT="1332">
        <TextBlock HPOS="678"
                   VPOS="72"
                   WIDTH="103"
                   HEIGHT="78"
                   ID="eSc_textblock_4b970b92"
                   TAGREFS="BT15">
          <Shape><Polygon POINTS="678 72 684 150 769 150 781 74"/></Shape>
          <TextLine ID="eSc_line_a063a5b0"
                    TAGREFS="LT8"
                    BASELINE="699 123 759 121" 
                    HPOS="696"
                    VPOS="73"
                    WIDTH="62"
                    HEIGHT="92">
            <Shape><Polygon POINTS="698 122 698 165 758 165 758 120 754 73 734 79 696 78 698 122"/></Shape>
            <String CONTENT="155"
                    HPOS="696"
                    VPOS="73"
                    WIDTH="62"
                    HEIGHT="92"
                    WC="0.9999064008394877"></String>
          </TextLine>
        </TextBlock>
        <TextBlock HPOS="267"
                   VPOS="55"
                   WIDTH="292"
                   HEIGHT="85"
                   ID="eSc_textblock_034d659e"
                   TAGREFS="BT18">
          <Shape><Polygon POINTS="267 55 267 140 559 140 559 55"/></Shape>
          <TextLine ID="eSc_line_9693c00b"
                    TAGREFS="LT10"
                    BASELINE="280 109 544 112" 
                    HPOS="279"
                    VPOS="62"
                    WIDTH="265"
                    HEIGHT="68">
            <Shape><Polygon POINTS="518 77 506 74 495 64 492 62 478 62 451 62 450 62 449 62 437 72 430 70 429 70 428 70 427 70 416 76 396 69 395 69 367 68 366 68 344 74 304 62 303 62 302 62 280 73 280 109 279 122 293 129 294 129 295 130 332 130 332 129 333 129 333 128 338 125 351 129 352 129 353 129 354 129 370 118 398 118 425 129 426 129 427 129 454 122 466 125 467 125 468 125 477 119 491 124 492 124 493 124 505 119 525 124 526 124 527 124 544 119 544 112 544 81 540 77"/></Shape>
            <String CONTENT="Spirituelles."
                    HPOS="279"
                    VPOS="62"
                    WIDTH="265"
                    HEIGHT="68"
                    WC="0.9557581498072698"></String>
          </TextLine>
        </TextBlock>
        <TextBlock HPOS="99"
                   VPOS="118"
                   WIDTH="614"
                   HEIGHT="1037"
                   ID="eSc_textblock_725f3f52"
                   TAGREFS="BT12">
          <Shape><Polygon POINTS="106 118 99 1149 706 1155 713 140"/></Shape>
          <TextLine ID="eSc_line_7957c6e2"
                    TAGREFS="LT8"
                    BASELINE="128 156 541 161" 
                    HPOS="127"
                    VPOS="125"
                    WIDTH="414"
                    HEIGHT="50">
            <Shape><Polygon POINTS="128 156 127 165 233 166 244 172 245 172 276 173 276 173 330 168 344 173 344 173 345 173 376 170 403 174 404 174 501 170 530 175 530 175 531 175 532 175 540 169 541 161 541 138 494 133 493 133 404 136 384 128 383 128 382 128 381 128 362 136 334 127 333 127 333 127 332 127 331 127 322 136 304 136 286 127 285 127 245 126 245 126 219 132 196 125 195 125 194 125 193 125 179 133 162 125 161 125 128 125 128 156"/></Shape>
            <String CONTENT="En recordant le ſauuement,"
                    HPOS="127"
                    VPOS="125"
                    WIDTH="414"
                    HEIGHT="50"
                    WC="0.9913760859232682"></String>
          </TextLine>
          <TextLine ID="eSc_line_8ebf1228"
                    TAGREFS="LT8"
                    BASELINE="131 196 623 200" 
                    HPOS="131"
                    VPOS="162"
                    WIDTH="492"
                    HEIGHT="53">
            <Shape><Polygon POINTS="131 196 131 204 151 211 152 211 153 211 193 210 193 210 194 210 194 209 199 205 262 205 275 212 276 212 304 213 304 213 338 213 338 213 339 213 353 207 376 213 377 213 378 213 419 207 460 214 461 215 498 215 498 214 498 214 509 210 521 214 521 214 522 214 550 210 555 214 555 215 556 215 557 215 558 215 590 209 621 211 623 200 622 174 537 165 536 165 535 165 535 165 527 172 501 173 479 166 478 166 478 166 477 166 462 170 429 168 428 168 427 168 427 168 427 169 421 174 378 174 361 173 340 164 339 164 318 164 317 164 316 164 295 172 263 165 262 165 262 165 261 165 253 170 213 172 131 162 131 196"/></Shape>
            <String CONTENT="Que tu m’as fait par leſus Chriſt."
                    HPOS="131"
                    VPOS="162"
                    WIDTH="492"
                    HEIGHT="53"
                    WC="0.979246693498948"></String>
          </TextLine>
          <TextLine ID="eSc_line_945a96fb"
                    TAGREFS="LT8"
                    BASELINE="175 233 657 241" 
                    HPOS="174"
                    VPOS="206"
                    WIDTH="483"
                    HEIGHT="51">
            <Shape><Polygon POINTS="175 233 174 240 203 247 204 247 279 243 316 249 317 249 318 249 333 244 356 252 356 252 357 252 358 252 379 246 396 253 396 253 397 253 398 253 418 247 432 253 433 253 433 253 483 247 495 255 495 255 496 255 536 256 537 256 577 248 655 257 657 241 657 217 635 214 634 214 633 214 632 214 627 219 615 211 615 211 614 211 563 210 562 210 561 210 547 219 513 213 512 213 491 217 480 209 479 209 478 209 456 208 444 208 443 208 442 208 441 208 429 216 376 212 375 212 336 215 304 207 303 207 302 207 302 207 279 214 256 214 175 206 175 233"/></Shape>
            <String CONTENT="Lors à ton nom, o Toutpuiſſant,"
                    HPOS="174"
                    VPOS="206"
                    WIDTH="483"
                    HEIGHT="51"
                    WC="0.9973779879510403"></String>
          </TextLine>
          <TextLine ID="eSc_line_b3d7a6de"
                    TAGREFS="LT8"
                    BASELINE="125 273 601 281" 
                    HPOS="124"
                    VPOS="244"
                    WIDTH="477"
                    HEIGHT="49">
            <Shape><Polygon POINTS="125 273 124 280 139 286 140 286 202 287 202 287 203 287 204 287 210 282 254 286 255 286 256 286 262 283 267 287 267 287 268 287 269 287 293 284 304 288 304 288 305 288 330 284 360 290 361 290 401 285 490 286 496 291 496 292 497 292 498 292 524 293 525 293 601 290 601 281 601 258 529 258 521 252 521 252 520 252 519 252 494 256 471 249 470 249 450 249 449 249 448 249 447 249 441 254 427 248 427 248 426 248 298 253 255 252 242 246 241 246 240 246 239 246 239 246 228 252 175 252 156 244 156 244 125 244 125 273"/></Shape>
            <String CONTENT="De tout mon cœur ie chanteray,"
                    HPOS="124"
                    VPOS="244"
                    WIDTH="477"
                    HEIGHT="49"
                    WC="0.99577121535937"></String>
          </TextLine>
          <TextLine ID="eSc_line_bc7c0c38"
                    TAGREFS="LT8"
                    BASELINE="125 311 531 318" 
                    HPOS="125"
                    VPOS="278"
                    WIDTH="406"
                    HEIGHT="49">
            <Shape><Polygon POINTS="125 311 125 318 142 322 530 327 531 318 531 294 521 294 511 286 510 286 510 286 509 286 487 290 475 284 474 284 473 284 441 286 441 286 440 286 431 292 396 282 396 282 379 282 379 282 378 282 377 282 366 290 349 281 348 281 347 281 347 281 330 291 320 291 306 281 305 281 304 281 276 281 275 281 274 281 273 281 273 281 268 286 258 280 257 280 256 280 256 280 237 289 201 285 200 285 171 288 125 278 125 311"/></Shape>
            <String CONTENT="Et en ton fils m’eſiouiſſant,"
                    HPOS="125"
                    VPOS="278"
                    WIDTH="406"
                    HEIGHT="49"
                    WC="0.9747313692651945"></String>
          </TextLine>
          <TextLine ID="eSc_line_8bc174c6"
                    TAGREFS="LT8"
                    BASELINE="131 350 590 355" 
                    HPOS="130"
                    VPOS="320"
                    WIDTH="460"
                    HEIGHT="49">
            <Shape><Polygon POINTS="131 350 130 359 174 359 196 365 196 365 197 365 294 361 304 366 304 366 328 367 329 367 330 367 348 361 401 367 402 367 433 362 438 367 438 367 439 367 440 367 441 367 451 362 464 368 465 368 466 368 490 363 505 368 506 368 530 369 530 369 531 369 532 369 539 364 553 369 554 369 555 369 589 367 590 355 590 333 568 328 567 328 532 331 520 324 519 324 518 324 395 331 381 323 381 323 380 323 361 323 360 323 359 323 359 323 347 330 317 328 310 322 310 322 309 322 282 322 281 322 280 322 279 322 268 330 233 326 232 326 170 328 158 321 157 321 156 321 131 320 131 350"/></Shape>
            <String CONTENT="Tes grans bien fais recorderay."
                    HPOS="130"
                    VPOS="320"
                    WIDTH="460"
                    HEIGHT="49"
                    WC="0.9705410638163167"></String>
          </TextLine>
          <TextLine ID="eSc_line_8a3c8f2f"
                    TAGREFS="LT8"
                    BASELINE="129 389 557 395" 
                    HPOS="128"
                    VPOS="359"
                    WIDTH="429"
                    HEIGHT="50">
            <Shape><Polygon POINTS="129 389 128 398 139 403 139 403 140 403 166 398 182 404 183 404 184 404 234 398 257 405 258 405 259 405 288 399 344 407 344 407 345 407 358 402 364 407 364 407 365 407 366 407 367 407 376 401 407 407 408 407 490 402 510 409 511 409 512 409 542 409 542 409 543 409 556 402 557 395 555 372 524 372 501 364 501 364 500 364 411 369 397 363 396 363 396 363 395 363 366 370 324 370 318 364 318 363 317 363 316 363 316 363 315 363 314 363 303 370 267 369 263 365 263 364 262 364 262 364 261 364 260 364 259 364 254 369 225 364 225 364 207 368 183 361 182 361 182 361 181 361 170 364 165 360 164 360 163 360 129 359 129 389"/></Shape>
            <String CONTENT="Tout mon viuant ie porteray"
                    HPOS="128"
                    VPOS="359"
                    WIDTH="429"
                    HEIGHT="50"
                    WC="0.9844323639516477"></String>
          </TextLine>
          <TextLine ID="eSc_line_dc06a9ff"
                    TAGREFS="LT8"
                    BASELINE="125 429 604 436" 
                    HPOS="124"
                    VPOS="398"
                    WIDTH="480"
                    HEIGHT="50">
            <Shape><Polygon POINTS="125 429 124 438 129 442 130 442 131 442 131 442 151 438 173 443 173 443 210 439 224 444 225 444 225 444 257 440 267 444 268 444 269 445 297 445 297 444 298 444 299 444 302 441 316 445 317 445 318 445 411 442 435 446 436 446 454 443 464 447 464 447 465 447 487 444 518 448 518 448 519 448 528 444 603 446 604 436 604 405 561 404 560 404 559 404 558 404 547 412 507 403 507 403 468 411 413 411 401 406 401 406 400 406 399 406 387 409 336 406 336 406 317 409 308 401 307 401 307 401 283 400 282 400 282 400 281 400 267 408 125 398 125 429"/></Shape>
            <String CONTENT="Honneur à toy en tous endroits,"
                    HPOS="124"
                    VPOS="398"
                    WIDTH="480"
                    HEIGHT="50"
                    WC="0.9936501532793045"></String>
          </TextLine>
          <TextLine ID="eSc_line_ec2919fe"
                    TAGREFS="LT8"
                    BASELINE="125 466 540 472" 
                    HPOS="125"
                    VPOS="438"
                    WIDTH="415"
                    HEIGHT="50">
            <Shape><Polygon POINTS="125 466 125 478 169 475 182 475 190 483 190 483 191 483 217 483 218 483 219 483 235 478 248 483 249 483 250 483 250 483 262 477 276 477 282 482 282 483 282 483 283 483 284 483 307 480 310 484 311 484 311 485 312 485 313 485 313 485 341 478 361 483 362 483 363 483 387 479 402 485 403 485 447 487 448 487 476 482 506 482 512 487 512 488 513 488 514 488 515 488 539 484 540 472 540 451 524 446 524 446 523 446 494 451 483 446 482 446 481 446 481 446 465 450 447 442 446 442 387 441 386 441 385 441 384 441 376 449 356 449 311 449 306 443 306 442 305 442 304 442 304 442 269 446 263 441 262 441 262 441 261 441 242 444 223 440 222 440 222 440 221 440 220 440 220 441 217 443 210 438 209 438 208 438 208 438 207 438 194 444 184 438 183 438 182 438 154 444 146 438 145 438 145 438 144 438 125 441 125 466"/></Shape>
            <String CONTENT="Aux ignorans i’enſeigneray"
                    HPOS="125"
                    VPOS="438"
                    WIDTH="415"
                    HEIGHT="50"
                    WC="0.9993611574172974"></String>
          </TextLine>
          <TextLine ID="eSc_line_a51b8421"
                    TAGREFS="LT8"
                    BASELINE="129 506 604 512" 
                    HPOS="128"
                    VPOS="476"
                    WIDTH="476"
                    HEIGHT="51">
            <Shape><Polygon POINTS="129 506 128 515 188 516 213 523 214 523 215 523 216 523 236 518 253 524 253 524 390 526 391 526 412 521 427 526 427 526 428 527 455 527 455 526 455 526 470 521 544 521 569 527 570 527 571 527 588 523 602 526 604 512 604 491 582 491 568 482 567 482 567 482 566 482 538 484 538 484 537 484 531 489 514 481 513 481 512 481 512 481 496 489 480 483 479 483 478 483 440 489 427 480 426 480 425 480 424 480 387 488 351 484 350 484 313 487 289 478 288 478 268 478 267 478 267 478 266 478 256 485 249 481 248 481 247 481 247 481 246 481 233 486 209 486 205 483 205 482 205 482 204 482 203 482 182 483 168 477 167 477 129 476 129 506"/></Shape>
            <String CONTENT="Tes mandemens iuſtes &amp; droits."
                    HPOS="128"
                    VPOS="476"
                    WIDTH="476"
                    HEIGHT="51"
                    WC="0.9839738468329112"></String>
          </TextLine>
          <TextLine ID="eSc_line_ea1a810c"
                    TAGREFS="LT10"
                    BASELINE="281 586 601 589" 
                    HPOS="280"
                    VPOS="550"
                    WIDTH="321"
                    HEIGHT="51">
            <Shape><Polygon POINTS="595 558 585 553 584 553 547 553 546 553 545 553 540 557 535 553 534 553 533 553 532 553 498 560 487 552 486 552 485 552 453 558 439 552 438 552 437 552 421 560 385 560 376 554 375 554 374 554 373 554 364 558 358 555 357 555 356 555 327 559 316 552 315 552 314 552 296 555 282 550 281 586 280 594 346 594 374 599 375 599 418 594 441 600 469 595 521 600 576 596 581 600 582 600 583 601 600 601 601 589 601 563 599 562"/></Shape>
            <String CONTENT="Chanſon ſur le chant,"
                    HPOS="280"
                    VPOS="550"
                    WIDTH="321"
                    HEIGHT="51"
                    WC="0.9899105174200875"></String>
          </TextLine>
          <TextLine ID="eSc_line_086167b9"
                    TAGREFS="LT10"
                    BASELINE="256 625 615 629" 
                    HPOS="255"
                    VPOS="592"
                    WIDTH="360"
                    HEIGHT="55">
            <Shape><Polygon POINTS="255 642 291 640 307 643 308 643 309 643 310 643 316 636 342 634 409 640 410 640 429 634 441 640 442 640 479 637 487 645 487 646 488 646 489 646 499 646 500 647 535 647 535 646 536 646 537 646 550 637 555 640 556 640 557 640 615 638 615 629 615 603 596 603 584 596 583 596 566 596 565 596 564 596 555 603 495 594 442 597 437 594 436 594 435 594 434 594 418 602 381 602 373 594 373 593 372 593 371 593 370 593 339 594 338 594 316 600 256 592 256 625"/></Shape>
            <String CONTENT="A qui dira elle ſa penſée."
                    HPOS="255"
                    VPOS="592"
                    WIDTH="360"
                    HEIGHT="55"
                    WC="0.9770911269717746"></String>
          </TextLine>
          <TextLine ID="eSc_line_316067f1"
                    TAGREFS="LT10"
                    BASELINE="185 682 581 688" 
                    HPOS="184"
                    VPOS="650"
                    WIDTH="397"
                    HEIGHT="52">
            <Shape><Polygon POINTS="185 682 184 691 204 696 205 696 229 690 248 695 249 695 250 695 283 691 300 697 301 697 302 697 323 691 336 699 337 699 338 700 358 700 358 699 359 699 367 693 373 697 374 697 375 697 376 697 390 693 397 699 398 699 399 699 426 693 433 700 434 700 435 700 436 700 451 695 461 700 521 701 522 701 523 701 524 701 524 700 529 696 547 702 548 702 581 700 581 688 581 663 547 658 546 658 532 663 517 654 516 654 515 654 492 662 477 656 476 656 475 656 464 661 426 661 421 656 421 655 420 655 419 655 418 655 384 660 370 651 369 651 368 651 367 651 350 657 334 651 333 651 265 650 264 650 263 650 263 651 257 657 240 657 225 651 224 651 185 651"/></Shape>
            <String CONTENT="Ieſus Chriſt deſtructeur de Satan."
                    HPOS="184"
                    VPOS="650"
                    WIDTH="397"
                    HEIGHT="52"
                    ></String>
          </TextLine>
          <TextLine ID="eSc_line_a83bd083"
                    TAGREFS="LT10"
                    BASELINE="156 715 342 715" 
                    HPOS="156"
                    VPOS="685"
                    WIDTH="186"
                    HEIGHT="45">
            <Shape><Polygon POINTS="156 722 198 728 199 728 213 725 219 729 220 729 221 730 245 730 245 729 256 723 265 729 266 729 267 729 342 723 342 715 342 695 310 687 309 687 308 687 307 687 299 694 283 690 282 690 281 690 267 694 241 685 240 685 239 685 238 685 227 694 217 686 216 686 215 686 214 686 206 690 182 685 156 688 156 715"/></Shape>
            <String CONTENT="Et de ſon enfer."
                    HPOS="156"
                    VPOS="685"
                    WIDTH="186"
                    HEIGHT="45"
                    WC="0.978728648275137"></String>
          </TextLine>
          <TextLine ID="eSc_line_f99e631f"
                    TAGREFS="LT8"
                    BASELINE="193 772 533 777" 
                    HPOS="193"
                    VPOS="741"
                    WIDTH="340"
                    HEIGHT="49">
            <Shape><Polygon POINTS="193 772 193 780 216 781 225 787 225 787 226 787 227 788 243 788 243 787 244 787 245 787 245 786 250 782 265 782 270 787 270 788 271 788 272 788 273 788 304 783 310 788 311 788 312 788 313 788 313 788 328 783 338 788 339 788 375 789 376 789 376 789 387 785 420 789 421 789 421 789 422 789 428 785 446 790 447 790 447 790 532 785 533 777 532 750 513 752 504 745 504 745 503 745 502 745 501 745 488 748 441 744 441 744 440 744 424 752 381 752 346 744 345 744 344 744 344 744 336 751 311 751 302 742 302 742 301 742 300 742 283 742 282 742 282 742 281 742 281 742 273 750 259 750 240 742 239 742 239 742 238 742 226 749 213 741 212 741 211 741 210 741 193 743 193 772"/></Shape>
            <String CONTENT="E qui ſera las conſolée,"
                    HPOS="193"
                    VPOS="741"
                    WIDTH="340"
                    HEIGHT="49"
                    WC="0.9719089007377625"></String>
          </TextLine>
          <TextLine ID="eSc_line_a19673dc"
                    TAGREFS="LT8"
                    BASELINE="194 807 692 816" 
                    HPOS="181"
                    VPOS="780"
                    WIDTH="511"
                    HEIGHT="50">
            <Shape><Polygon POINTS="678 795 670 794 663 793 632 792 628 789 626 789 618 788 617 788 610 792 590 792 577 785 576 785 575 785 539 791 515 785 514 785 487 788 436 783 286 787 281 782 280 782 279 782 278 782 268 787 233 787 226 780 225 780 199 780 198 780 197 780 182 785 182 809 181 821 186 824 187 824 188 824 239 820 250 825 251 825 252 825 274 819 290 825 291 825 335 826 336 826 374 821 416 827 417 827 433 822 464 827 465 827 477 822 524 822 550 829 551 829 604 826 609 830 610 830 611 830 612 830 629 825 658 828 692 825 692 816 692 796 685 796"/></Shape>
            <String CONTENT="L’ame qui n’a Chriſt ſon Sauueur?"
                    HPOS="181"
                    VPOS="780"
                    WIDTH="511"
                    HEIGHT="50"
                    WC="0.9837343512159406"></String>
          </TextLine>
          <TextLine ID="eSc_line_bc040f6b"
                    TAGREFS="LT8"
                    BASELINE="125 851 658 854" 
                    HPOS="124"
                    VPOS="819"
                    WIDTH="534"
                    HEIGHT="50">
            <Shape><Polygon POINTS="125 851 124 858 176 862 177 862 202 859 231 867 232 867 233 867 306 860 338 868 339 868 382 862 390 868 391 868 392 868 393 868 420 868 420 868 421 868 430 863 436 868 437 868 438 868 470 868 470 868 471 868 497 862 510 868 510 868 511 868 512 868 528 862 542 868 543 868 600 869 601 869 601 869 602 869 610 862 658 862 658 854 656 827 641 833 599 833 584 823 583 823 582 823 581 823 559 827 541 822 541 822 540 822 499 826 464 822 463 822 462 822 453 826 428 823 427 823 427 823 426 823 416 831 353 827 352 827 351 827 339 831 323 824 322 824 307 824 307 824 273 831 264 826 263 826 262 826 230 828 125 819 125 851"/></Shape>
            <String CONTENT="L’ame qui n’a point leſus Chriſt,"
                    HPOS="124"
                    VPOS="819"
                    WIDTH="534"
                    HEIGHT="50"
                    ></String>
          </TextLine>
          <TextLine ID="eSc_line_f7d834fb"
                    TAGREFS="LT8"
                    BASELINE="126 888 426 892" 
                    HPOS="125"
                    VPOS="856"
                    WIDTH="301"
                    HEIGHT="48">
            <Shape><Polygon POINTS="126 888 125 893 161 900 210 901 211 901 212 901 221 896 230 901 230 901 231 901 263 898 268 902 269 902 270 902 270 902 271 902 272 902 272 901 276 897 309 897 376 904 376 904 425 898 426 892 426 869 376 860 364 860 364 860 363 860 362 860 353 868 330 868 321 859 320 859 319 859 310 859 309 859 308 859 307 859 307 860 299 867 178 866 170 858 170 857 169 857 168 857 126 856 126 888"/></Shape>
            <String CONTENT="Comment vit elle?"
                    HPOS="125"
                    VPOS="856"
                    WIDTH="301"
                    HEIGHT="48"
                    WC="0.970331139424268"></String>
          </TextLine>
          <TextLine ID="eSc_line_5309c84d"
                    TAGREFS="LT8"
                    BASELINE="128 926 653 933" 
                    HPOS="127"
                    VPOS="895"
                    WIDTH="526"
                    HEIGHT="54">
            <Shape><Polygon POINTS="128 926 127 933 177 934 190 943 190 943 191 943 192 943 281 936 314 944 315 944 375 945 376 945 404 939 441 939 490 944 490 944 547 940 558 948 559 948 560 948 561 949 600 949 600 948 601 948 622 942 651 949 653 933 652 907 633 907 625 901 624 901 624 901 623 901 622 901 621 901 610 908 587 901 587 901 536 899 535 899 504 906 484 899 484 899 447 899 446 899 445 899 444 899 437 905 412 898 411 898 410 898 410 898 385 905 239 905 234 900 233 900 233 900 232 900 231 900 220 903 202 895 201 895 200 895 199 895 180 903 158 896 157 896 128 896 128 926"/></Shape>
            <String CONTENT="Touſiours repugne au ſainct Eſprit,"
                    HPOS="127"
                    VPOS="895"
                    WIDTH="526"
                    HEIGHT="54"
                    WC="0.9878721458571298"></String>
          </TextLine>
          <TextLine ID="eSc_line_7beb5233"
                    TAGREFS="LT8"
                    BASELINE="123 965 343 967" 
                    HPOS="122"
                    VPOS="933"
                    WIDTH="221"
                    HEIGHT="48">
            <Shape><Polygon POINTS="123 965 122 974 167 980 168 980 244 977 263 981 264 981 265 981 278 977 287 981 288 981 289 981 313 977 341 981 343 967 342 943 296 936 295 936 294 936 293 936 283 943 270 943 262 936 262 936 261 936 260 936 259 936 246 942 237 938 236 938 236 938 211 942 191 936 190 936 190 936 189 936 183 939 176 934 176 934 175 934 174 934 173 934 155 939 123 933 123 965"/></Shape>
            <String CONTENT="Et luy rebelle:"
                    HPOS="122"
                    VPOS="933"
                    WIDTH="221"
                    HEIGHT="48"
                    WC="0.9818187991778056"></String>
          </TextLine>
          <TextLine ID="eSc_line_f4877348"
                    TAGREFS="LT8"
                    BASELINE="125 1004 567 1010" 
                    HPOS="124"
                    VPOS="973"
                    WIDTH="443"
                    HEIGHT="50">
            <Shape><Polygon POINTS="125 1004 124 1013 211 1013 229 1019 230 1019 230 1019 231 1019 240 1016 258 1019 259 1019 259 1019 271 1014 278 1020 279 1020 279 1020 363 1021 364 1021 364 1021 378 1017 392 1021 393 1021 393 1021 416 1018 470 1023 471 1023 567 1018 567 1010 567 988 547 988 537 979 536 979 535 979 518 979 459 978 458 978 458 978 457 978 446 987 430 987 398 981 398 981 397 981 386 985 350 985 301 976 300 976 299 976 299 976 287 984 253 980 253 980 213 982 202 976 201 976 200 976 199 976 182 981 167 973 166 973 165 973 125 978 125 1004"/></Shape>
            <String CONTENT="Car Satan eſt au cœur d’icelle"
                    HPOS="124"
                    VPOS="973"
                    WIDTH="443"
                    HEIGHT="50"
                    WC="0.9719056189060211"></String>
          </TextLine>
          <TextLine ID="eSc_line_597e992e"
                    TAGREFS="LT8"
                    BASELINE="126 1042 595 1049" 
                    HPOS="125"
                    VPOS="1013"
                    WIDTH="470"
                    HEIGHT="49">
            <Shape><Polygon POINTS="126 1042 125 1056 186 1058 187 1058 188 1058 188 1058 197 1052 208 1056 209 1056 210 1056 230 1052 259 1056 260 1056 279 1053 283 1056 283 1057 284 1057 284 1057 285 1057 318 1053 359 1060 359 1060 379 1055 385 1060 385 1061 386 1061 387 1061 387 1061 405 1057 421 1061 422 1061 423 1061 424 1061 438 1055 453 1060 454 1060 455 1060 476 1058 501 1062 502 1062 536 1056 564 1062 564 1062 595 1058 595 1049 595 1024 578 1019 578 1019 577 1019 576 1019 554 1027 489 1027 469 1021 468 1021 467 1021 467 1021 466 1021 458 1027 441 1027 419 1021 418 1021 418 1021 391 1026 375 1016 374 1016 373 1016 356 1016 355 1016 354 1016 337 1025 314 1025 307 1020 307 1020 306 1020 305 1020 304 1020 292 1024 239 1024 219 1014 219 1014 126 1013 126 1042"/></Shape>
            <String CONTENT="Qui la tient touſiours en erreur,"
                    HPOS="125"
                    VPOS="1013"
                    WIDTH="470"
                    HEIGHT="49"
                    WC="0.9830759185733218"></String>
          </TextLine>
          <TextLine ID="eSc_line_06692b2d"
                    TAGREFS="LT10"
                    BASELINE="310 1087 559 1087" 
                    HPOS="310"
                    VPOS="1055"
                    WIDTH="249"
                    HEIGHT="47">
            <Shape><Polygon POINTS="310 1097 349 1097 361 1101 362 1101 363 1102 390 1102 390 1101 391 1101 398 1097 437 1101 438 1101 449 1097 487 1101 518 1097 525 1101 526 1101 527 1101 559 1099 559 1087 559 1067 524 1067 485 1055 484 1055 483 1055 482 1055 473 1064 461 1061 460 1061 459 1061 458 1061 453 1065 442 1055 441 1055 415 1055 414 1055 358 1066 345 1058 344 1058 310 1055 310 1087"/></Shape>
            <String CONTENT="De qui ſera, &amp;c."
                    HPOS="310"
                    VPOS="1055"
                    WIDTH="249"
                    HEIGHT="47"
                    WC="0.9806056246161461"></String>
          </TextLine>
          <TextLine ID="eSc_line_7c009987"
                    TAGREFS="LT8"
                    BASELINE="164 1121 439 1127 640 1127" 
                    HPOS="163"
                    VPOS="1088"
                    WIDTH="477"
                    HEIGHT="62">
            <Shape><Polygon POINTS="638 1103 637 1102 579 1094 488 1094 487 1094 487 1094 477 1098 458 1092 457 1092 456 1092 455 1092 442 1099 406 1099 362 1098 350 1090 349 1090 348 1090 347 1090 347 1090 335 1095 309 1090 308 1090 307 1090 307 1090 297 1096 264 1089 249 1089 248 1089 247 1089 247 1089 247 1090 239 1095 205 1088 204 1088 203 1088 193 1092 171 1089 170 1089 170 1089 164 1091 164 1121 163 1132 235 1133 256 1139 257 1139 258 1139 293 1135 304 1141 305 1141 306 1141 307 1141 307 1141 320 1138 344 1144 344 1144 345 1144 346 1144 354 1140 363 1147 364 1147 364 1147 365 1147 397 1143 427 1147 428 1147 429 1147 430 1147 441 1137 452 1137 478 1141 478 1141 506 1140 521 1149 521 1149 522 1149 597 1150 598 1150 598 1150 618 1142 638 1147 640 1127 640 1107 638 1103"/></Shape>
            <String CONTENT="Ieſus Chriſt le vray Fils de Dieu."
                    HPOS="163"
                    VPOS="1088"
                    WIDTH="477"
                    HEIGHT="62"
                    WC="0.9994646153029274"></String>
          </TextLine>
        </TextBlock>
        <TextBlock HPOS="103"
                   VPOS="729"
                   WIDTH="98"
                   HEIGHT="94"
                   ID="eSc_textblock_4cc57fa9"
                   TAGREFS="BT10">
          <Shape><Polygon POINTS="103 729 103 823 201 823 201 729"/></Shape>
          <TextLine ID="eSc_line_9b1ed418"
                    TAGREFS="LT9"
                    BASELINE="133 808 174 808" 
                    HPOS="132"
                    VPOS="730"
                    WIDTH="50"
                    HEIGHT="84">
            <Shape><Polygon POINTS="132 814 173 812 173 806 182 760 132 730 132 806"/></Shape>
            <String CONTENT="D"
                    HPOS="132"
                    VPOS="730"
                    WIDTH="50"
                    HEIGHT="84"
                    WC="0.9972842931747437"></String>
          </TextLine>
        </TextBlock>
      </PrintSpace>
    </Page>
  </Layout>
</alto>
