892 1332
693 67 77 72 159

316 62 260 66 Spirituelles.

139 122 385 53 Suiuant de Chriſt le rang.

136 165 338 48 Prince de haut parage,

145 203 285 47 Qui as ſauué Sion,

136 243 357 50 Donne moy le courage,

138 283 270 44 Contre tentation,

136 320 356 48 De meſpriſer le monde,

136 356 330 51 Et des plaiſirs le banc,

136 396 425 53 Laiſſant le diable immonde,

136 434 390 55 Suiuant de Chriſt le rang.

293 479 324 53 Chanſon ſur le chant,

237 518 523 55 Quand me ſouuiẽt de la poullaille:

138 561 623 55 Le fidele s'aſſeure au Seigneur d’eſtre deliuré de tous

157 600 293 45 maux par ſa puiſſance.

219 641 480 50 Vand me ſouuient de l’Euangile

215 677 539 57 Que ſouloy preſcher ſur les champs,

134 713 445 55 Eſtant chaſſé de ville en ville,

136 753 440 54 Et deſpriſé de gens meſchans,

139 794 542 54 Tant de bourgeois que de marchans,

135 832 415 52 Ie m’eſiouis en leſus Chriſt.

136 871 494 52 Au nom duquel ie fay mes chants

136 910 422 54 Par la vertu du ſainct Eſprit.

182 947 459 58 Maintenant ſuis en priſon vile,

134 989 450 52 Iambes & pieds en fers peſant:

134 1024 494 57 Mais i’ay l’eſprit prompt & agile,

141 1065 502 61 Quoy qu’en diſent les meſdiſans:

133 1106 421 55 I’en ſortiray deuant dix ans,

137 640 62 79 Q
