892 1332
158 78 83 52 160

381 66 262 66 Spirituelles.

153 126 537 52 (S’il plaiſt à Dieu, qui tout nourrit)

159 169 471 47 Maugré tous les contrediſans,

151 207 441 52 Par la vertu du ſainct Eſprit.

208 247 487 50 Le ſang humain eſt mout fertile

158 287 419 47 Par leſus Chriſt fructifiant:

161 326 428 49 Parquoy ma mort ſera vtile,

159 366 410 48 Le nom de Dieu glorifiant,

158 404 401 47 Et mon prochain edifiant,

157 444 449 46 En me voyant par foy contrit:

160 484 350 44 Ie ſuis icy en m’y fiant,

161 519 432 49 Par la vertu du ſainct Eſprit.

200 560 475 49 Prince duquel tout bien diſtile,

161 602 422 46 Autre que toy ie ne pretens.

162 641 519 47 Tu m’as mis hors par ton bon ſtile,

157 679 458 49 A iointes mains graces te rens:

157 722 430 45 A te ſeruir ie prens les rangs,

158 759 440 44 Car de tes mains nul ne perit:

159 796 467 47 Grace & pardon de toy ie prens

159 833 433 52 Parla vertu du ſainct Eſprit.

309 879 329 48 Chanſon ſur le chant,

273 920 388 44 Viure ne puis pour le mal.

158 960 628 45 Chriſt ſeul moyen de noſtre redemption. Dieu fait mer

176 997 530 43 ci à ceux qui ſont repentans de leurs pechez.

209 1033 428 45 Ire, ta terre a benit a ce coup.

209 1065 491 61 Elle a porté le fruit tant ſaluraire,

139 1042 66 83 S

709 1112 76 54 Qu’il
