892 1332
127 68 82 57 162

356 51 226 67 Chanſons

174 116 476 55 A tous ſes ſaincts Euangelizera,

123 156 506 52 De ceſte paix la ioyeuſe nouuelle,

122 197 487 52 Sans oublier cil qui l’inuoquera:

125 234 514 56 Car par luy ſeul aura vie eternelle.

169 273 589 53 Mais toutesfois des humbles craignans

656 232 103 46 (Dieu,

123 313 523 52 Plus pres ſera le ſalut à toute heure:

124 350 594 56 Grace de Dieu eſt touſiours pres du lieu

124 389 634 59 Des vrays croyans, c’eſt ſa propre demeure

169 429 408 51 Miſericorde & auſsi verité

125 465 587 61 Dames d’honneur, ſe ſont bien raliées:

123 507 470 54 Iuſtice & paix en parfaite vnité

124 547 455 47 Finalement ſont reconciliées.

175 585 542 56 Tant s’eſt voulu vers nous humilier.

125 626 448 51 Celui qui eſt verité & iuſtice,

127 665 502 55 Qu’il eſt venu pour nous iuſtifier,

124 706 536 51 Et nous ſauuer par ſa grace propice.

169 744 489 53 Apres que Dieu par ſa benignité

125 783 463 49 A ſes eleus aura grace donnée,

124 819 525 54 Remplis ſeront de grand fecondité

124 859 554 51 Pour faire fruict en foy preordonnée.

168 899 523 51 Deuant le Chriſt le iuſte marchera,

125 939 524 51 En obſeruant de ſes ſtatuts la voye:

122 980 539 50 Et tous ſes pas meſme il ordonnera,

123 1016 588 59 A vn ſeul Dieu, non a fin qu’on le voye.

615 1052 140 52 Chanſon
