892 1332
135 74 78 54 170

346 53 222 61 Chanſons

286 115 335 50 Chunſon fur le chant.

235 159 439 47 L’autre iour iouer m’en, &c:

187 233 573 56 Hantons de cœur tous en grãd' ioye,

210 274 465 54 A ſeruir Chriſt prenons plaiſir:

208 317 402 47 C’eſt verité, & vie, & voye,

135 353 497 54 Qu’on doit ça bas ſuyuré & tenir,

131 398 213 40 Il eſt notoire:

128 429 644 54 Chantons de cœur, bis

130 468 553 54 A l’honneur du grand Roy de gloire.

170 512 546 49 Tu es vray Dieu, auſsi vray homme,

131 549 432 48 Du Roy Dauid es deſcendu,

130 590 556 48 Pour nous ſauuer pour toute ſomme,

130 629 465 51 Par toy pardon nous eſt rendu,

129 671 227 46 Auſsi ta grace,

128 705 640 52 Ieſus ſauueur bis

129 744 479 46 Retourne à nous ta ſaincte face.

182 784 411 47 Tu as eſté mis en la creche,

128 825 387 48 Et viſité des paſtoureaux,

128 861 427 51 Et l’eſtoille les Sages dreſſe,

132 902 532 53 Qui ſont venus ſur grans chameaux

130 944 331 47 Pour y faire offrande

128 981 644 49 A toy Seigneur, bis

130 1020 505 50 De mes pechez pardon demande.

179 1059 514 55 Huict iours apres tu fus au temple

131 1099 421 59 Entre pecheurs là circoncis,

671 1141 84 54 Pour

132 237 92 100 C
