892 1332
693 71 69 63 171

283 58 261 64 Spirituelles.

132 122 518 48 Pour nous laiſſer le ſainct exemple,

133 162 505 46 Qu’en nous peché doit eſtre occis:

133 199 263 45 C’eſt choſe ſeure,

128 234 654 52 Sainct innocent, bis

130 278 553 50 Faut-il que pour nous tous tu meure?

178 319 491 46 Autre chemin ont prins les Sages

128 355 443 48 Pour retourner en leurs pays.

128 395 543 49 Herode a fait maints grans outrages:

133 432 465 47 Quand les enfans à mort a mis.

132 470 223 50 Quel ſatelliet?

127 510 648 52 Seigneur puiſſant, bis

131 550 438 50 Tu fus porté droit en Egypte.

177 591 453 46 Et douze ans apres ta naiſſance

129 627 501 51 Fuz au milieu des grans docteurs:

133 667 372 49 Qui furent de ta ſapience

127 705 486 52 Mout esbais dedans leurs cœurs:

129 746 246 47 Car ta doctrine,

128 779 641 55 Vray Fils de Dieu bis

128 819 404 53 Eſtoit celeſte & treſdiuine.

179 865 445 50 Trente trois ans auoit en aage,

135 901 422 50 Quand tu ſouffris la paſsion,

128 942 507 53 Pour ſauer tout l’humain lignage:

126 984 364 46 Puis par ta reſurrection:

126 1022 250 49 A nous proſpere

125 1061 228 47 Es maintenant

125 1098 390 63 Aſsis à la dextre du Pere.
