<?xml version="1.0" encoding="UTF-8"?>
<alto xmlns:xsi="http://www.w3.org/2001/XMLSchema-instance"
      xmlns="http://www.loc.gov/standards/alto/ns-v4#"
      xsi:schemaLocation="http://www.loc.gov/standards/alto/ns-v4# http://www.loc.gov/standards/alto/v4/alto-4-2.xsd">
  <Description>
    <MeasurementUnit>pixel</MeasurementUnit>
    <sourceImageInformation>
      <fileName>17_805d5_default.jpg</fileName>
      <fileIdentifier>https://www.e-rara.ch/i3f/v20/12575328/full/full/0/default.jpg</fileIdentifier>
    </sourceImageInformation>
  </Description>
  <Tags>
    <OtherTag ID="BT7" LABEL="CustomZone" DESCRIPTION="block type CustomZone"/><OtherTag ID="BT8" LABEL="DamageZone" DESCRIPTION="block type DamageZone"/><OtherTag ID="BT9" LABEL="DigitizationArtefactZone" DESCRIPTION="block type DigitizationArtefactZone"/><OtherTag ID="BT10" LABEL="DropCapitalZone" DESCRIPTION="block type DropCapitalZone"/><OtherTag ID="BT11" LABEL="GraphicZone" DESCRIPTION="block type GraphicZone"/><OtherTag ID="BT12" LABEL="MainZone" DESCRIPTION="block type MainZone"/><OtherTag ID="BT13" LABEL="MarginTextZone" DESCRIPTION="block type MarginTextZone"/><OtherTag ID="BT14" LABEL="MusicZone" DESCRIPTION="block type MusicZone"/><OtherTag ID="BT15" LABEL="NumberingZone" DESCRIPTION="block type NumberingZone"/><OtherTag ID="BT17" LABEL="QuireMarksZone" DESCRIPTION="block type QuireMarksZone"/><OtherTag ID="BT18" LABEL="RunningTitleZone" DESCRIPTION="block type RunningTitleZone"/><OtherTag ID="BT19" LABEL="SealZone" DESCRIPTION="block type SealZone"/><OtherTag ID="BT20" LABEL="StampZone" DESCRIPTION="block type StampZone"/><OtherTag ID="BT21" LABEL="TableZone" DESCRIPTION="block type TableZone"/><OtherTag ID="BT22" LABEL="TitlePageZone" DESCRIPTION="block type TitlePageZone"/>
    <OtherTag ID="LT7" LABEL="CustomLine" DESCRIPTION="line type CustomLine"/><OtherTag ID="LT8" LABEL="DefaultLine" DESCRIPTION="line type DefaultLine"/><OtherTag ID="LT9" LABEL="DropCapitalLine" DESCRIPTION="line type DropCapitalLine"/><OtherTag ID="LT10" LABEL="HeadingLine" DESCRIPTION="line type HeadingLine"/><OtherTag ID="LT11" LABEL="InterlinearLine" DESCRIPTION="line type InterlinearLine"/><OtherTag ID="LT12" LABEL="MusicLine" DESCRIPTION="line type MusicLine"/><OtherTag ID="LT1244" LABEL="default" DESCRIPTION="line type default"/>
  </Tags>
  <Layout>
    <Page WIDTH="892"
          HEIGHT="1332"
          PHYSICAL_IMG_NR="17"
          ID="eSc_dummypage_">
      <PrintSpace HPOS="0"
                  VPOS="0"
                  WIDTH="892"
                  HEIGHT="1332">
        <TextBlock HPOS="93"
                   VPOS="77"
                   WIDTH="79"
                   HEIGHT="55"
                   ID="eSc_textblock_aac6a584"
                   TAGREFS="BT15">
          <Shape><Polygon POINTS="93 77 93 132 172 132 172 77"/></Shape>
          <TextLine ID="eSc_line_c72a08dc"
                    TAGREFS="LT8"
                    BASELINE="104 113 167 111" 
                    HPOS="102"
                    VPOS="79"
                    WIDTH="65"
                    HEIGHT="56">
            <Shape><Polygon POINTS="102 87 104 113 104 133 107 135 108 135 108 135 109 135 110 135 128 130 145 134 145 134 146 134 147 134 167 128 167 111 165 84 145 79 144 79 143 79 131 84 112 80 111 80 111 80 110 80 103 84 102 87"/></Shape>
            <String CONTENT="14"
                    HPOS="102"
                    VPOS="79"
                    WIDTH="65"
                    HEIGHT="56"
                    WC="0.9921152591705322"></String>
          </TextLine>
        </TextBlock>
        <TextBlock HPOS="296"
                   VPOS="46"
                   WIDTH="247"
                   HEIGHT="85"
                   ID="eSc_textblock_8d1a8053"
                   TAGREFS="BT18">
          <Shape><Polygon POINTS="296 46 296 131 543 131 543 46"/></Shape>
          <TextLine ID="eSc_line_d55f462b"
                    TAGREFS="LT10"
                    BASELINE="314 109 530 109" 
                    HPOS="314"
                    VPOS="61"
                    WIDTH="216"
                    HEIGHT="61">
            <Shape><Polygon POINTS="314 118 372 122 373 122 416 116 497 116 518 122 519 122 530 116 530 109 530 75 503 64 490 67 489 67 488 67 487 67 473 68 464 61 463 61 443 61 442 61 441 61 423 74 401 75 381 75 366 61 365 61 364 61 314 65 314 109"/></Shape>
            <String CONTENT="Chanſons"
                    HPOS="314"
                    VPOS="61"
                    WIDTH="216"
                    HEIGHT="61"
                    WC="0.9842241257429123"></String>
          </TextLine>
        </TextBlock>
        <TextBlock HPOS="87"
                   VPOS="121"
                   WIDTH="657"
                   HEIGHT="1043"
                   ID="eSc_textblock_a039a3fb"
                   TAGREFS="BT12">
          <Shape><Polygon POINTS="98 121 87 1164 728 1150 744 131"/></Shape>
          <TextLine ID="eSc_line_3ef54083"
                    TAGREFS="LT8"
                    BASELINE="109 162 213 159 486 161" 
                    HPOS="108"
                    VPOS="125"
                    WIDTH="378"
                    HEIGHT="48">
            <Shape><Polygon POINTS="109 162 108 173 162 173 162 172 163 172 173 168 210 172 210 172 211 172 223 167 293 167 298 171 298 172 299 172 299 172 300 173 313 173 313 172 313 172 314 172 314 171 319 167 357 167 366 172 367 172 367 172 368 173 453 173 453 172 454 172 467 167 484 170 486 161 485 136 441 136 405 125 404 125 404 125 403 125 370 136 319 136 306 125 305 125 304 125 304 125 265 129 264 129 263 129 263 130 257 136 234 136 213 125 212 125 171 125 170 125 139 133 124 128 123 128 122 128 122 128 109 133 109 162"/></Shape>
            <String CONTENT="A la damnation treſtous."
                    HPOS="108"
                    VPOS="125"
                    WIDTH="378"
                    HEIGHT="48"
                    WC="0.9745000352462133"></String>
          </TextLine>
          <TextLine ID="eSc_line_e4bae0c2"
                    TAGREFS="LT8"
                    BASELINE="135 198 538 199" 
                    HPOS="134"
                    VPOS="166"
                    WIDTH="404"
                    HEIGHT="46">
            <Shape><Polygon POINTS="135 198 134 204 223 208 224 208 247 205 264 210 265 210 265 210 266 210 279 205 306 205 316 210 316 210 317 210 357 206 364 211 365 211 366 211 367 212 446 212 446 211 447 211 464 206 536 211 538 199 537 176 515 176 505 167 504 167 504 167 503 167 468 172 463 167 462 167 461 167 436 167 435 167 434 167 416 176 399 176 384 168 383 168 382 168 359 172 353 167 353 167 352 167 324 167 323 167 287 168 287 168 286 168 286 169 280 174 267 170 267 170 266 170 216 174 210 170 210 169 209 169 208 169 208 169 173 174 135 166 135 198"/></Shape>
            <String CONTENT="Pour nous deliurer de cela,"
                    HPOS="134"
                    VPOS="166"
                    WIDTH="404"
                    HEIGHT="46"
                    WC="0.9863120140852751"></String>
          </TextLine>
          <TextLine ID="eSc_line_2b35fa91"
                    TAGREFS="LT8"
                    BASELINE="110 237 587 239" 
                    HPOS="109"
                    VPOS="204"
                    WIDTH="478"
                    HEIGHT="49">
            <Shape><Polygon POINTS="110 237 109 242 117 247 118 247 119 247 173 245 188 250 189 250 190 250 190 250 212 244 294 244 310 250 310 250 311 250 312 250 313 250 322 244 348 250 349 250 370 245 385 245 393 252 393 252 394 252 395 253 451 253 451 252 452 252 461 248 476 252 477 252 478 252 478 252 494 245 519 250 520 250 541 247 547 251 547 251 548 251 549 251 550 251 550 251 557 247 575 252 576 252 577 252 578 252 578 252 578 251 586 243 587 239 586 213 554 206 553 206 511 212 444 207 443 207 389 212 348 204 347 204 312 211 299 204 299 204 298 204 297 204 296 204 273 211 263 204 262 204 262 204 261 204 239 208 234 204 233 204 233 204 232 204 173 204 173 204 159 212 147 212 137 204 136 204 136 204 135 204 110 206 110 237"/></Shape>
            <String CONTENT="Ton Fils leſus eſt nay pour tous,"
                    HPOS="109"
                    VPOS="204"
                    WIDTH="478"
                    HEIGHT="49"
                    WC="0.9827870148600955"></String>
          </TextLine>
          <TextLine ID="eSc_line_2bdfed7c"
                    TAGREFS="LT8"
                    BASELINE="103 278 501 278" 
                    HPOS="103"
                    VPOS="246"
                    WIDTH="398"
                    HEIGHT="47">
            <Shape><Polygon POINTS="103 278 103 292 156 285 205 285 212 291 212 292 213 292 213 292 214 293 230 293 230 292 231 292 232 292 232 291 239 285 264 285 271 292 272 292 273 292 273 293 316 293 316 292 317 292 318 292 318 291 324 286 333 292 333 292 334 292 335 292 336 292 347 286 369 292 370 292 370 292 415 286 469 292 470 292 501 284 501 278 501 254 481 254 470 246 470 246 469 246 468 246 467 246 450 254 396 254 384 246 384 246 383 246 382 246 346 251 328 246 327 246 327 246 326 246 325 246 314 253 254 247 253 247 219 253 213 249 213 248 213 248 212 248 211 248 210 248 202 251 165 246 164 246 163 246 147 250 103 246 103 278"/></Shape>
            <String CONTENT="En temps certain ſe reuela"
                    HPOS="103"
                    VPOS="246"
                    WIDTH="398"
                    HEIGHT="47"
                    WC="0.979078274506789"></String>
          </TextLine>
          <TextLine ID="eSc_line_e3ce6ddb"
                    TAGREFS="LT8"
                    BASELINE="106 315 602 316" 
                    HPOS="105"
                    VPOS="284"
                    WIDTH="497"
                    HEIGHT="44">
            <Shape><Polygon POINTS="106 315 105 322 114 327 115 327 116 327 185 323 193 327 194 327 195 327 196 327 212 323 240 323 247 327 248 327 249 327 250 327 287 323 302 327 303 327 304 327 501 324 506 328 507 328 507 328 508 328 540 324 581 324 591 328 592 328 592 328 593 328 594 328 601 323 602 316 601 292 565 284 564 284 536 291 521 284 521 284 498 284 498 284 497 284 496 284 488 292 448 292 438 284 437 284 436 284 436 284 435 284 418 292 379 292 355 284 354 284 353 284 353 284 327 290 280 285 279 285 279 285 267 290 238 284 237 284 236 284 222 290 182 284 181 284 180 284 168 288 145 284 144 284 106 285 106 315"/></Shape>
            <String CONTENT="Noſtre Sauueur &amp; noſtre eſpoux,"
                    HPOS="105"
                    VPOS="284"
                    WIDTH="497"
                    HEIGHT="44"
                    WC="0.9808136801565847"></String>
          </TextLine>
          <TextLine ID="eSc_line_ba85c5c2"
                    TAGREFS="LT8"
                    BASELINE="103 353 640 356" 
                    HPOS="102"
                    VPOS="322"
                    WIDTH="538"
                    HEIGHT="49">
            <Shape><Polygon POINTS="103 353 102 364 112 368 113 368 113 369 179 369 179 368 179 368 191 362 226 361 252 367 253 367 253 367 254 367 262 362 311 362 377 370 378 370 379 370 404 363 431 368 432 368 433 368 433 368 441 363 469 363 477 367 478 367 478 367 479 367 505 363 530 370 530 370 531 370 532 370 544 364 567 369 568 369 569 369 587 364 596 370 597 370 598 370 598 371 639 371 640 356 640 331 628 326 627 326 626 326 605 330 595 326 595 326 594 326 558 330 540 325 539 325 538 325 538 325 518 330 506 324 505 324 504 324 504 324 492 330 462 325 461 325 461 325 452 330 350 330 327 324 326 324 308 328 302 324 301 324 300 324 299 324 246 329 238 323 237 323 236 323 236 323 130 328 124 324 124 323 123 323 122 323 103 322 103 353"/></Shape>
            <String CONTENT="Lequel ſouſtint pour nous les coups,"
                    HPOS="102"
                    VPOS="322"
                    WIDTH="538"
                    HEIGHT="49"
                    WC="0.9786904669470258"></String>
          </TextLine>
          <TextLine ID="eSc_line_d7642792"
                    TAGREFS="LT8"
                    BASELINE="104 395 373 393" 
                    HPOS="103"
                    VPOS="363"
                    WIDTH="270"
                    HEIGHT="42">
            <Shape><Polygon POINTS="104 395 104 403 371 405 373 393 371 371 354 371 342 364 341 364 341 364 340 364 328 371 299 371 294 366 294 365 293 365 293 365 292 365 291 365 281 369 259 363 259 363 258 363 257 363 243 370 232 365 231 365 230 365 230 365 218 372 194 372 178 364 177 364 176 364 151 370 133 364 132 364 131 364 103 364 104 395"/></Shape>
            <String CONTENT="Le doux aigneau,"
                    HPOS="103"
                    VPOS="363"
                    WIDTH="270"
                    HEIGHT="42"
                    WC="0.9976441711187363"></String>
          </TextLine>
          <TextLine ID="eSc_line_c0b23a46"
                    TAGREFS="LT8"
                    BASELINE="102 432 577 432" 
                    HPOS="102"
                    VPOS="401"
                    WIDTH="475"
                    HEIGHT="46">
            <Shape><Polygon POINTS="102 432 102 444 128 440 143 444 144 444 145 444 145 444 159 440 179 446 180 446 181 446 209 440 223 446 224 446 225 446 225 446 239 441 261 446 262 446 262 446 263 446 272 440 306 444 307 444 387 440 394 445 395 445 396 445 396 445 397 445 398 445 406 440 424 440 438 446 438 446 439 446 440 446 441 446 446 442 462 446 463 446 464 447 488 447 488 446 489 446 490 446 495 442 510 446 511 446 512 446 577 444 577 432 577 409 539 409 520 403 519 403 518 403 498 405 494 401 493 401 493 401 492 401 436 402 435 402 434 402 434 403 428 409 414 409 381 401 381 401 380 401 361 407 340 401 339 401 339 401 338 401 320 407 315 403 314 403 313 403 313 403 312 403 293 409 255 409 247 402 247 401 247 401 246 401 233 401 233 401 232 401 231 401 231 402 224 409 144 409 130 401 129 401 102 401 102 432"/></Shape>
            <String CONTENT="Fut mis à mort des cruels loups,"
                    HPOS="102"
                    VPOS="401"
                    WIDTH="475"
                    HEIGHT="46"
                    WC="0.9904098781672391"></String>
          </TextLine>
          <TextLine ID="eSc_line_6d29a501"
                    TAGREFS="LT8"
                    BASELINE="105 470 621 472" 
                    HPOS="105"
                    VPOS="441"
                    WIDTH="516"
                    HEIGHT="44">
            <Shape><Polygon POINTS="105 470 105 483 171 480 205 484 205 484 206 484 216 480 221 484 222 484 222 484 223 485 286 485 286 484 330 480 363 485 364 485 364 485 374 481 414 481 424 485 425 485 426 485 518 481 556 485 557 485 558 485 558 485 563 481 621 480 621 472 621 449 476 449 468 445 467 445 467 445 449 448 442 443 441 443 441 443 419 443 418 443 418 443 404 449 394 443 393 443 393 443 392 443 366 447 356 442 355 442 354 442 353 442 331 448 309 442 308 442 265 442 264 442 263 442 262 442 255 448 166 444 165 444 136 448 128 442 128 442 127 442 105 441 105 470"/></Shape>
            <String CONTENT="Pour nous ſauuer, or chantons nau."
                    HPOS="105"
                    VPOS="441"
                    WIDTH="516"
                    HEIGHT="44"
                    WC="0.9786798971540788"></String>
          </TextLine>
          <TextLine ID="eSc_line_73f1a331"
                    TAGREFS="LT10"
                    BASELINE="125 546 703 551" 
                    HPOS="124"
                    VPOS="507"
                    WIDTH="579"
                    HEIGHT="56">
            <Shape><Polygon POINTS="124 558 152 556 157 560 158 560 159 560 199 560 221 555 231 560 232 560 233 560 273 555 299 561 300 561 436 557 441 560 442 560 443 560 444 560 494 557 510 563 511 563 547 560 560 563 561 563 562 563 574 558 587 563 588 563 589 563 608 558 702 562 703 551 703 514 290 515 259 509 258 509 215 514 152 514 125 507 125 546"/></Shape>
            <String CONTENT="CHANSON SPIRITVELLE"
                    HPOS="124"
                    VPOS="507"
                    WIDTH="579"
                    HEIGHT="56"
                    WC="0.9989747059972662"></String>
          </TextLine>
          <TextLine ID="eSc_line_72a40540"
                    TAGREFS="LT10"
                    BASELINE="228 586 599 589" 
                    HPOS="227"
                    VPOS="555"
                    WIDTH="372"
                    HEIGHT="56">
            <Shape><Polygon POINTS="227 609 260 606 287 610 288 610 289 610 290 610 298 603 307 608 308 608 309 608 310 608 310 607 317 602 321 605 322 605 323 605 324 605 331 600 351 611 352 611 353 611 417 611 418 611 418 610 425 604 453 609 454 609 455 609 468 600 517 600 530 607 531 607 532 607 542 603 567 611 568 611 569 611 598 603 599 589 598 566 578 566 574 562 574 561 573 561 572 561 571 561 563 566 550 557 549 557 534 557 533 557 532 557 521 565 502 557 501 557 500 557 481 563 473 556 472 556 471 556 470 556 455 563 423 563 414 556 413 556 400 556 399 556 398 556 387 565 364 560 363 560 353 565 346 560 345 560 344 560 343 560 325 564 304 555 303 555 290 555 289 555 288 555 276 564 255 555 254 555 253 555 228 559 228 586"/></Shape>
            <String CONTENT="ſur les articles de la foy."
                    HPOS="227"
                    VPOS="555"
                    WIDTH="372"
                    HEIGHT="56"
                    WC="0.9880480545538443"></String>
          </TextLine>
          <TextLine ID="eSc_line_1eb3745e"
                    TAGREFS="LT8"
                    BASELINE="190 662 728 666" 
                    HPOS="190"
                    VPOS="631"
                    WIDTH="538"
                    HEIGHT="52">
            <Shape><Polygon POINTS="726 643 695 635 694 635 666 642 639 634 638 634 638 634 561 642 512 642 496 634 495 634 481 634 480 634 479 634 478 634 469 641 422 641 414 634 413 634 413 634 396 633 376 633 376 633 375 633 374 633 364 640 316 640 305 632 304 632 304 632 280 631 279 631 214 639 191 631 190 662 190 671 219 680 220 680 221 680 252 679 253 679 267 673 347 673 370 680 370 680 371 680 372 680 389 674 411 682 412 682 413 682 463 679 468 683 469 683 470 683 470 683 537 683 537 683 538 683 538 683 549 676 572 676 580 682 581 682 581 682 582 682 625 677 662 683 663 683 727 680 728 666 728 645 726 643"/></Shape>
            <String CONTENT="V grand conſeil par diuine ordõnãce"
                    HPOS="190"
                    VPOS="631"
                    WIDTH="538"
                    HEIGHT="52"
                    WC="0.9847554338944925"></String>
          </TextLine>
          <TextLine ID="eSc_line_cb0a4b8b"
                    TAGREFS="LT8"
                    BASELINE="184 702 709 705" 
                    HPOS="183"
                    VPOS="674"
                    WIDTH="526"
                    HEIGHT="46">
            <Shape><Polygon POINTS="184 702 183 714 239 717 239 717 240 717 253 711 299 711 315 718 316 718 316 718 317 718 333 712 353 712 364 718 365 718 366 719 384 719 384 718 421 712 455 718 455 718 523 713 544 719 545 719 592 720 593 720 594 720 595 720 602 714 626 714 670 720 671 720 696 714 707 719 709 705 709 684 658 684 649 678 649 678 648 678 647 678 600 682 578 676 578 676 577 676 576 676 563 682 518 683 477 682 469 676 468 676 467 676 467 676 395 682 381 675 380 675 379 675 379 675 355 682 311 677 310 677 279 681 271 675 271 674 270 674 270 674 269 674 229 680 221 674 220 674 219 674 184 674 184 702"/></Shape>
            <String CONTENT="Fut decreté qu’au Pere entierement"
                    HPOS="183"
                    VPOS="674"
                    WIDTH="526"
                    HEIGHT="46"
                    WC="0.9682127118110657"></String>
          </TextLine>
          <TextLine ID="eSc_line_3f1b7001"
                    TAGREFS="LT8"
                    BASELINE="107 741 692 744" 
                    HPOS="106"
                    VPOS="711"
                    WIDTH="586"
                    HEIGHT="49">
            <Shape><Polygon POINTS="107 741 106 748 138 753 139 753 154 750 196 757 196 757 197 757 224 750 265 750 282 758 283 758 284 758 315 751 328 755 329 755 330 755 330 755 331 755 337 751 365 751 375 755 376 755 376 755 377 755 378 755 384 751 425 754 426 754 461 751 470 758 470 758 471 758 472 758 487 755 493 759 493 759 494 759 555 759 556 759 557 759 564 756 576 759 577 759 578 760 657 760 657 759 681 754 690 757 692 744 692 722 670 717 669 717 669 717 661 720 653 714 652 714 652 714 651 714 650 714 638 721 624 714 624 714 581 714 580 714 579 714 564 722 547 722 524 713 523 713 522 713 521 713 503 720 484 713 484 713 447 713 446 713 445 713 428 720 390 720 382 714 381 714 381 714 380 714 379 714 359 720 272 720 253 713 253 713 252 713 251 713 239 720 199 720 190 714 190 714 189 714 152 711 122 711 121 711 120 711 107 717 107 741"/></Shape>
            <String CONTENT="Chacun croyroit, &amp; au Fils ſa puiſſance:"
                    HPOS="106"
                    VPOS="711"
                    WIDTH="586"
                    HEIGHT="49"
                    WC="0.9892184019088746"></String>
          </TextLine>
          <TextLine ID="eSc_line_cbba9bff"
                    TAGREFS="LT8"
                    BASELINE="103 779 577 782" 
                    HPOS="103"
                    VPOS="747"
                    WIDTH="474"
                    HEIGHT="47">
            <Shape><Polygon POINTS="103 779 103 791 180 787 215 793 216 793 216 793 217 793 225 787 260 787 304 792 304 792 305 792 319 788 354 788 371 793 372 793 373 793 373 793 384 788 418 788 427 794 428 794 429 794 430 794 450 791 504 794 505 794 506 794 521 790 575 794 577 782 577 758 441 758 429 749 428 749 427 749 404 748 310 748 309 748 308 748 287 755 279 748 278 748 277 748 250 748 250 748 249 748 233 756 166 748 165 748 165 748 164 748 155 754 103 747 103 779"/></Shape>
            <String CONTENT="Par lequel ſeul il a le firmament"
                    HPOS="103"
                    VPOS="747"
                    WIDTH="474"
                    HEIGHT="47"
                    WC="0.9852485114877875"></String>
          </TextLine>
          <TextLine ID="eSc_line_59d374c3"
                    TAGREFS="LT8"
                    BASELINE="104 818 571 821" 
                    HPOS="103"
                    VPOS="788"
                    WIDTH="468"
                    HEIGHT="44">
            <Shape><Polygon POINTS="104 818 103 828 208 825 213 829 214 829 215 829 216 829 216 829 230 826 262 831 263 831 264 831 280 825 317 825 338 831 339 831 339 832 375 832 375 831 376 831 376 831 381 826 454 826 569 832 571 821 570 798 521 794 521 794 488 797 481 792 480 792 479 792 478 792 478 792 457 797 427 792 427 792 426 792 425 792 420 796 393 792 392 792 391 792 381 796 375 790 374 790 373 790 373 790 264 796 256 790 256 789 256 789 255 789 254 789 201 795 190 788 189 788 188 788 188 788 165 792 161 789 161 788 160 788 159 788 104 788 104 818"/></Shape>
            <String CONTENT="Fait &amp; crée auec ſon ornement,"
                    HPOS="103"
                    VPOS="788"
                    WIDTH="468"
                    HEIGHT="44"
                    WC="0.9762687279332068"></String>
          </TextLine>
          <TextLine ID="eSc_line_4bfde73b"
                    TAGREFS="LT8"
                    BASELINE="104 856 674 861" 
                    HPOS="104"
                    VPOS="826"
                    WIDTH="570"
                    HEIGHT="50">
            <Shape><Polygon POINTS="104 856 104 867 193 865 221 871 222 871 222 871 244 866 272 868 278 873 279 873 279 873 280 873 330 867 466 867 484 875 484 875 485 875 486 875 506 868 527 875 527 875 579 876 580 876 666 874 667 874 668 874 673 869 674 861 674 837 656 829 655 829 618 829 617 829 616 829 615 829 602 837 559 832 558 832 527 836 515 828 515 828 514 828 513 828 512 828 512 828 498 837 487 837 461 828 461 828 433 828 433 828 432 828 431 828 421 836 388 831 387 831 337 835 294 826 271 826 270 826 270 826 251 834 220 834 209 827 208 827 208 827 207 827 161 834 131 834 117 827 116 827 116 827 115 827 104 831 104 856"/></Shape>
            <String CONTENT="La terre auſſi, comme Moyſe recueille,"
                    HPOS="104"
                    VPOS="826"
                    WIDTH="570"
                    HEIGHT="50"
                    WC="0.9779733858610454"></String>
          </TextLine>
          <TextLine ID="eSc_line_9960f87a"
                    TAGREFS="LT8"
                    BASELINE="108 895 643 898" 
                    HPOS="108"
                    VPOS="868"
                    WIDTH="535"
                    HEIGHT="44">
            <Shape><Polygon POINTS="108 895 108 902 124 909 125 909 125 909 126 909 127 909 136 903 153 908 154 908 155 908 196 903 230 908 230 908 231 908 242 903 264 910 265 910 265 910 298 904 348 904 357 907 358 907 359 907 359 907 375 904 394 909 395 909 396 909 421 905 441 910 441 910 442 910 443 910 460 905 468 910 469 910 470 910 470 910 517 906 524 910 524 910 525 910 526 910 527 910 527 910 533 907 553 911 554 911 604 906 614 911 615 911 615 912 642 912 643 898 642 878 587 872 586 872 585 872 584 872 580 876 575 873 574 873 573 873 572 873 556 878 510 878 478 870 477 870 436 876 405 871 404 871 404 871 393 876 336 876 322 869 322 869 321 869 279 876 222 872 221 872 185 875 175 868 174 868 173 868 108 868 108 895"/></Shape>
            <String CONTENT="Cela ie croy de cœur certainement,"
                    HPOS="108"
                    VPOS="868"
                    WIDTH="535"
                    HEIGHT="44"
                    WC="0.9789856356732985"></String>
          </TextLine>
          <TextLine ID="eSc_line_75277b5d"
                    TAGREFS="LT8"
                    BASELINE="105 934 709 936" 
                    HPOS="105"
                    VPOS="903"
                    WIDTH="604"
                    HEIGHT="49">
            <Shape><Polygon POINTS="105 934 105 949 123 950 124 950 125 950 125 950 137 943 206 943 214 947 215 947 216 947 259 943 279 950 279 950 280 950 297 950 297 950 298 950 299 950 308 944 344 949 345 949 377 944 390 950 390 950 391 950 444 944 470 949 470 949 502 945 516 951 517 951 518 951 518 951 530 946 546 950 547 950 547 950 548 950 549 950 556 945 568 951 569 951 569 951 598 947 612 951 612 951 613 952 708 952 709 936 708 914 678 914 664 905 664 905 663 905 638 905 637 905 636 905 635 905 625 913 611 913 456 913 445 905 444 905 444 905 443 905 442 905 423 913 399 905 398 905 398 905 378 908 347 905 346 905 345 905 344 905 339 908 318 905 317 905 316 905 293 912 265 904 265 904 264 904 231 907 209 904 208 904 208 904 193 910 167 908 166 908 165 908 165 908 159 912 144 904 143 904 105 903 105 934"/></Shape>
            <String CONTENT="Faute de Foy c’eſt douleur nompareille."
                    HPOS="105"
                    VPOS="903"
                    WIDTH="604"
                    HEIGHT="49"
                    WC="0.990826991888193"></String>
          </TextLine>
          <TextLine ID="eSc_line_9376d089"
                    TAGREFS="LT8"
                    BASELINE="136 974 693 976" 
                    HPOS="136"
                    VPOS="944"
                    WIDTH="557"
                    HEIGHT="47">
            <Shape><Polygon POINTS="136 974 136 981 160 990 161 990 162 990 180 987 181 987 182 987 189 981 250 981 262 987 263 987 264 987 265 987 265 987 273 981 322 981 350 990 350 990 351 990 418 982 465 987 466 987 467 987 478 982 489 987 490 987 490 987 552 985 569 991 569 991 570 991 692 989 693 976 693 954 669 947 668 947 667 947 666 947 666 947 659 953 591 953 571 947 570 947 569 947 533 953 521 946 521 946 520 946 519 946 461 953 450 945 450 945 449 945 404 945 404 945 403 945 387 953 320 946 319 946 270 952 245 944 245 944 244 944 193 952 184 947 183 947 136 944 136 974"/></Shape>
            <String CONTENT="En certain temps le Pere de clemence"
                    HPOS="136"
                    VPOS="944"
                    WIDTH="557"
                    HEIGHT="47"
                    WC="0.9863855540752411"></String>
          </TextLine>
          <TextLine ID="eSc_line_6be10ffc"
                    TAGREFS="LT8"
                    BASELINE="107 1011 652 1016" 
                    HPOS="106"
                    VPOS="980"
                    WIDTH="546"
                    HEIGHT="47">
            <Shape><Polygon POINTS="107 1011 106 1021 109 1024 110 1024 111 1024 111 1024 112 1024 133 1018 183 1022 184 1022 202 1018 239 1022 239 1022 353 1019 385 1024 386 1024 387 1024 401 1020 414 1025 415 1025 416 1025 441 1020 480 1027 481 1027 607 1021 622 1027 623 1027 624 1027 652 1027 652 1016 652 993 635 988 634 988 633 988 623 992 461 991 450 983 450 983 449 983 380 982 379 982 379 982 361 990 345 982 344 982 310 982 309 982 308 982 290 987 273 981 272 981 233 981 233 981 232 981 231 981 218 990 199 990 188 984 188 984 187 984 147 987 136 981 136 981 135 981 107 980 107 1011"/></Shape>
            <String CONTENT="Nous a donné ſon Fils benignement,"
                    HPOS="106"
                    VPOS="980"
                    WIDTH="546"
                    HEIGHT="47"
                    WC="0.9990332330976214"></String>
          </TextLine>
          <TextLine ID="eSc_line_9fb8cee1"
                    TAGREFS="LT8"
                    BASELINE="106 1050 655 1053" 
                    HPOS="105"
                    VPOS="1017"
                    WIDTH="550"
                    HEIGHT="43">
            <Shape><Polygon POINTS="106 1050 105 1059 653 1060 655 1053 654 1030 635 1030 626 1021 626 1021 625 1021 624 1021 624 1021 604 1029 581 1020 580 1020 568 1020 567 1020 567 1020 566 1020 555 1030 518 1030 495 1023 494 1023 493 1023 493 1023 479 1029 447 1029 432 1019 431 1019 430 1019 430 1019 400 1024 387 1019 386 1019 385 1019 384 1019 369 1026 356 1018 356 1018 355 1018 354 1018 353 1018 339 1022 336 1018 335 1018 334 1018 304 1018 303 1018 302 1018 293 1023 285 1019 284 1019 284 1019 283 1019 282 1019 275 1024 267 1018 266 1018 265 1018 242 1018 197 1018 196 1018 196 1018 179 1025 141 1027 126 1018 125 1018 125 1018 106 1017 106 1050"/></Shape>
            <String CONTENT="Pour ſatiſtaire à luy de noſtre offenſe:"
                    HPOS="105"
                    VPOS="1017"
                    WIDTH="550"
                    HEIGHT="43"
                    WC="0.9880448100043506"></String>
          </TextLine>
          <TextLine ID="eSc_line_dfd46a67"
                    TAGREFS="LT8"
                    BASELINE="107 1089 725 1094" 
                    HPOS="106"
                    VPOS="1057"
                    WIDTH="619"
                    HEIGHT="53">
            <Shape><Polygon POINTS="107 1089 106 1102 158 1098 227 1103 227 1103 256 1098 288 1106 289 1106 290 1106 308 1100 452 1100 470 1109 470 1109 471 1110 521 1110 521 1109 521 1109 541 1101 560 1110 561 1110 723 1110 725 1094 725 1071 706 1070 698 1064 697 1064 696 1064 695 1064 695 1064 672 1070 597 1065 596 1065 595 1065 586 1070 557 1070 550 1064 549 1064 548 1064 547 1064 547 1064 533 1070 505 1070 490 1062 489 1062 421 1059 420 1059 419 1059 404 1063 372 1058 321 1058 320 1058 319 1058 319 1058 306 1067 238 1067 228 1062 227 1062 227 1062 181 1062 173 1057 173 1057 172 1057 171 1057 143 1064 134 1057 133 1057 133 1057 107 1057 107 1089"/></Shape>
            <String CONTENT="Et fut conceu du ſainct Eſprit vrayement."
                    HPOS="106"
                    VPOS="1057"
                    WIDTH="619"
                    HEIGHT="53"
                    WC="0.9763386700211502"></String>
          </TextLine>
          <TextLine ID="eSc_line_a026ca75"
                    TAGREFS="LT8"
                    BASELINE="108 1128 628 1132" 
                    HPOS="108"
                    VPOS="1098"
                    WIDTH="520"
                    HEIGHT="57">
            <Shape><Polygon POINTS="108 1128 108 1144 128 1141 153 1151 153 1151 154 1152 170 1152 170 1151 171 1151 213 1141 248 1145 249 1145 250 1145 266 1141 364 1141 369 1145 369 1146 370 1146 370 1146 371 1146 384 1145 395 1153 396 1153 396 1153 455 1154 455 1155 537 1155 537 1154 538 1154 569 1146 583 1152 584 1152 584 1152 585 1152 601 1147 609 1155 610 1155 611 1155 612 1155 612 1155 627 1146 628 1132 627 1110 589 1104 588 1104 546 1107 540 1104 539 1104 538 1104 538 1104 537 1104 522 1109 457 1109 407 1101 406 1101 376 1107 353 1107 344 1100 343 1100 342 1100 341 1100 291 1107 268 1105 262 1099 261 1099 260 1099 225 1099 224 1099 223 1099 222 1099 217 1103 213 1099 212 1099 211 1099 194 1099 193 1099 193 1099 192 1099 182 1106 156 1106 145 1098 144 1098 143 1098 108 1098 108 1128"/></Shape>
            <String CONTENT="Nay de Marie &amp; nourry purement,"
                    HPOS="108"
                    VPOS="1098"
                    WIDTH="520"
                    HEIGHT="57"
                    WC="0.9932312830801933"></String>
          </TextLine>
        </TextBlock>
        <TextBlock HPOS="106"
                   VPOS="603"
                   WIDTH="90"
                   HEIGHT="109"
                   ID="eSc_textblock_d2f9601f"
                   TAGREFS="BT10">
          <Shape><Polygon POINTS="106 603 106 712 196 712 196 603"/></Shape>
          <TextLine ID="eSc_line_ec809642"
                    TAGREFS="LT9"
                    BASELINE="111 680 176 683" 
                    HPOS="108"
                    VPOS="607"
                    WIDTH="69"
                    HEIGHT="93">
            <Shape><Polygon POINTS="148 607 147 607 146 607 145 607 121 614 114 610 109 679 108 700 174 695 175 682 177 617"/></Shape>
            <String CONTENT="A"
                    HPOS="108"
                    VPOS="607"
                    WIDTH="69"
                    HEIGHT="93"
                    WC="0.7787182331085205"></String>
          </TextLine>
        </TextBlock>
        <TextBlock HPOS="615"
                   VPOS="1142"
                   WIDTH="119"
                   HEIGHT="53"
                   ID="eSc_textblock_b2fa241a"
                   TAGREFS="BT17">
          <Shape><Polygon POINTS="615 1142 615 1195 734 1195 734 1142"/></Shape>
          <TextLine ID="eSc_line_d0be132f"
                    TAGREFS="LT8"
                    BASELINE="624 1172 725 1170" 
                    HPOS="622"
                    VPOS="1136"
                    WIDTH="103"
                    HEIGHT="62">
            <Shape><Polygon POINTS="624 1172 624 1198 658 1193 724 1195 725 1170 723 1144 694 1144 667 1136 666 1136 666 1136 622 1141 624 1172"/></Shape>
            <String CONTENT="Vierge"
                    HPOS="622"
                    VPOS="1136"
                    WIDTH="103"
                    HEIGHT="62"
                    WC="0.9869246085484823"></String>
          </TextLine>
        </TextBlock>
      </PrintSpace>
    </Page>
  </Layout>
</alto>
