892 1332
715 71 59 43 15

293 56 265 66 Spirituelles.

131 119 614 51 Vierge auſſi mere de Dieu, grãd merueille,

130 166 525 40 Ie croy cela de cœur certainement,

131 199 588 47 Faute de foy c’eſt douleur nompareille.

157 239 539 43 Il a ſouffert deſſous Pilate outrance,

133 280 493 41 Qui le liura à mort iniuſtement:

126 319 552 42 Pendant en croix en grande patience:

127 358 592 43 Auecque deux brigands honteuſement.

128 396 572 45 Helas c’eſtoit pour noſtre ſauuement.

126 435 560 45 Le centenier ce voyant s’eſmerueille:

126 475 525 43 Ie croy cela de cœur certainement:

129 512 584 47 Faute de foy c’eſt douleur nompareille.

153 552 598 48 Apres ſa mort loſeph par grãd cõſtance,

127 591 491 46 Enſeuelit le corps de l’innocent:

128 629 550 41 De là deſcend és enfers ſans doutance

128 668 544 45 Pour deliurer ſes eleus de tourment.

128 708 575 45 Dieu au tiers iour le corps diuinement

128 745 536 46 Reſſuſcita, nous gardant la pareille.

128 787 523 44 Ie croy cela de cœur certainement:

131 825 598 45 Faute de Foy c’eſt douleur nompareille.

156 865 530 45 Quarante iours apres la deliurance,

129 901 537 45 Aux cieux monta victori euſement,

131 938 574 48 De là viendra en ſa grand’ excellence,

130 976 545 48 Des vifs & morts faire le iugement.

135 1020 548 42 Qui croit cela ne mourra nullement,

130 1055 482 47 Mais eſt paſſé en la vie eternelle.

133 1098 512 50 Ie croy cela de cœur certainement,
