892 1332
116 78 55 53 16

333 62 219 61 Chanſons

116 130 585 51 Faute de foy c’eſt douleur nompareille.

147 172 526 41 Au ſainct Eſprit tu auras ta creance,

116 207 509 53 Lequel regit l’Egliſe ſainctement,

115 249 562 47 La compagnie de ceux qui ont fiance

116 286 556 49 En Ieſus Chriſt croyant parfaitement

116 327 496 48 Remiſſion, tout mort finalement

117 364 635 51 Prẽdra ſa chair, qui dort ou qui ſommeille.

118 408 514 41 Ie croy cela de cœur certainement

119 443 585 51 Faute de foy, c’eſt douleur nompareille.

188 510 498 52 CHANSON DES DIX

282 553 325 45 Commandemens de

390 592 103 47 Dieu.

248 666 362 47 Le premier Commandement.

217 708 520 64 Dore vn Dieu le Pere tout-puiſſant,

200 763 566 48 En verité ſans nulle œuure charnelle,

205 800 558 45 Par ſon ſeul Fils en ſeras cognoiſſant,

117 842 549 47 Qui eſt le Chriſt ton Aduocat fidele.

122 881 542 44 De tout ton cœur & force l’aimeras,

123 919 550 58 Et à luy ſeul tout honneur donneras:

129 959 232 45 Car il domine

125 995 209 46 Par ſa diuine

125 1034 282 50 Pui ſſance inſigne,

127 1074 457 57 Et ſur la terre & ſur les cieux:

138 1113 287 56 Mais trop fretigne

146 738 49 87 A
