892 1332
726 96 47 54 17

336 62 227 78 Chanſons.

142 122 262 57 La gent maligne,

145 164 290 55 Quand elle encline

139 202 507 68 Son cœur à chercher autres dieux.

262 275 376 61 Le deuſieme Commandement.

168 319 520 70 Tu ne feras aucun pourtrait tailler,

132 361 519 64 De ce qui eſt au ciel ou en la terre.

131 398 635 77 Garde toy bien quelque hõneur luy bailler,

133 438 589 71 Qui fait cela trop meſchamment il erre.

123 477 554 68 Car Dieu ialoux l’image confondra,

125 513 490 71 Et le tailleur, & qui s’y attendra.

126 552 278 58 Fuy donq l’idolle

131 592 273 59 Que ta main dole,

127 632 247 51 Vaine & friuole

124 668 520 72 Car il n’eſt rien, mais Dieu eſt tout,

125 710 416 69 Qui te conſole par ſa parole,

125 749 286 53 Ton ame eſt folle

117 786 475 72 S’elle n’y prend ſaueur & gouſt.

236 857 369 70 Le troiſieme Commandement.

140 903 521 78 Le nom de Dieu en vain ne iureras,

113 942 491 71 Ouy, ou Non, finira ton langage:

111 979 504 75 Et verité pour ton prochain diras,

108 1019 602 80 Pour le garder d’auoir aucun dommage.

108 1057 563 75 Ne iure auſſi, terre, ne ciel, ne ſaincts,

109 1099 612 80 Ne par ta foy, mais tes dits ſeront ſaincts,

550 1167 57 49 B .i.
