892 1332
710 81 58 56 19

294 59 267 59 Spirituelles.

119 116 610 57 En honorant humblement pere & mere:

117 153 573 59 Qui contreuient à ce commandement,

119 196 580 53 Par la Loy doit mourir de mort amere.

115 234 594 54 Et qui ſon pere aymera plus que Chriſt:

116 273 594 59 Digne il n’eſt pas d’auoir le nom eſcrit

116 307 224 54 Au ciel ſupere,

116 347 264 54 Ou Dieu impere,

128 388 219 51 Qui eſt le pere,

112 426 408 57 Auquel ſur tout faut obeyr:

111 465 220 53 Fils du vipere,

118 506 218 50 Qui degenere,

107 545 204 49 Par vitupere,

107 581 332 53 Ceſſe de luy deſobeir.

232 657 349 51 Le ſixieme Commandement.

137 692 459 58 Tu ne ſeras homicide de corps,

98 723 632 77 Ne de ton cœur, par haine ou fauſſe enuie.

100 770 520 59 Aux ennemis feras paix & accords,

96 810 553 60 Priant pour eux tant que ſeras en vie.

96 848 561 60 Ren bien pour mal à tous par charité,

96 885 564 66 Souffrant iniure au temps d’aduerſité:

95 924 292 54 Laiſſe vengeance

94 963 222 49 A ſa puiſſance,

93 1003 255 46 Par ordonnance,

92 1037 416 59 Elle te doit raiſon & droict:

94 1078 331 59 De grand ſouffrance

535 1131 73 47 B .ii.
