892 1332
159 105 43 44 22

389 76 218 69 Chanſons

293 151 344 45 Le dixieme commandement.

198 193 537 53 De conuoiter gardez vous mes amis,

151 234 558 51 Femme d’autruy, fille, ne chambriere:

150 276 576 48 Noſtre Seigneur ce mandement a mis,

150 310 510 50 Pour nous tenir en charité entiere:

151 345 602 55 Nul ne voudroit qu’on luy fiſt deſplaiſir,

151 385 605 57 Mais qu’on luy fiſt tout ſeruice & plaiſir:

149 432 229 45 En tout affaire

150 472 231 47 Fay à ton frere,

151 509 256 50 Ce qu’à toy faire

152 546 402 48 Tu voudrois par dilection:

150 587 270 47 Sans luy meffaire,

149 625 267 49 Ne luy deſplaire,

148 666 308 46 Mais luy complaire,

149 702 391 53 C’eſt de la Loy perfection.

147 770 571 51 Ces mandemens ſeront gardez de nous

144 809 557 52 Entierement & d’œuure & de penſée,

150 850 588 52 Qui faut en l’vn, il eſt coulpable en tous:

145 888 513 47 La ſentence eſt ſur cela prononcée,

143 925 539 52 La Loy maudict qui la tranſgreſſera,

143 964 508 53 Mais le pecheur par foy ſauué ſera:

142 1008 276 44 Il faut donc croire

143 1045 275 50 Au Roy de gloire:

140 1087 202 42 Il eſt notoire

148 1118 463 59 Qu’il a pour nos maux ſatisfait.

687 1157 82 44 C’eſt
