892 1332
116 76 63 58 28

349 74 230 64 Chanſons.

115 140 523 50 Tu as Dauid qui pour toy a vaincu

109 180 465 48 Le Goliad, qui tant t’a moleſté:

112 216 260 48 C’eſt Ieſus Chriſt

108 259 245 45 Dont tant eſcrit

111 295 189 46 Ont Daniel,

109 334 156 47 Ezechiel,

110 372 149 46 Et Eſaye

110 412 178 42 Et leremie,

108 450 452 46 Le fils de Dieu, Verbe eternel.

156 492 547 48 Il a pour moy tout ſon ſang eſpandu,

113 529 417 45 Crucifié, ſur le bois eſtendu:

110 568 575 46 Par les faux Iuifs il eſt mort innocent.

111 609 478 45 Sa dure mort a Satan coufondu,

105 648 499 46 Et dechaſſé, la mort a conuaincu:

108 688 627 51 Au lieu de mort grace & bien nous en viẽt:

111 725 255 49 C’eſt le Seigneur

108 768 275 43 De tout honneur,

108 801 164 46 Il eſt la ſus

112 839 211 47 Ce Roy Ieſus

109 879 202 45 Auec le Pere,

112 917 252 48 Auquel i’eſpere,

113 959 494 46 Là giſt ma foy & tout mon heur.

162 997 536 52 En ſon pur ſang a purgé nos pechez,

111 1036 505 49 Et nos langueurs y ont eſté lauez:

115 1070 638 55 Par luy plaiſant deuãt Dieu l’hõme eſt fait:

117 1112 485 56 Tous ſes eleus y ſont mondifiez,

690 1155 70 58 Qui
