892 1332
694 59 52 54 29

280 54 270 57 Spirituelles.

114 114 477 55 Qui en luy ſeul ſe ſont glorifiez

110 155 604 52 Croyans par foy que luy ſeul eſt parfaict:

108 200 314 47 L’agneau ſans tache,

106 236 226 47 Mis a l’atache,

103 276 231 45 Pour nettoyer,

100 316 193 46 Et enuoyer,

100 353 236 43 Auſsi demettre

102 395 294 39 Comme le maiſtre,

101 429 462 52 Le vieil Adam qui fait pecher.

145 472 596 46 Mon doux Ieſus a toy requie rs pardon:

103 512 626 43 A ioinctes mains, par foy, & non par don.

102 550 627 43 Le cœur fait tout enuers toy pard onneur:

102 588 500 43 Ie ne lattends pas cire ne par don,

103 626 635 45 Ne par bien fait: car ce n’eſt que chardon.

105 666 598 48 Gloire i’atten de toy au parc d’honneur:

103 705 261 45 Rien par merites

104 745 280 47 Ainſi qu’hermites,

102 783 251 48 Dieu voit la foy,

105 822 231 44 En qui ie croy,

104 860 288 45 Bon Roy de gloire

105 899 282 45 Lequel i’honnore,

108 938 402 49 Oy l’oraiſon, ie croy à toy.

138 1002 610 47 Complainte de l'homme chreſtien preßé de vehemen

105 1043 655 41 te maladie, ſe complaignant des ennemis de Dieu: qui

104 1075 654 40 taſchent par leurs cruautez à renuerſer & deſtruire le

108 1107 638 53 Regne de noſtre Seigneur Ieſus: conforte les perfonnes
