892 1332
728 92 52 68 37

284 77 264 65 Spirituelles.

136 133 644 60 Les abreuuez: rien n’eſt que Dieu ne voye.

178 176 602 57 Nourriſſez les du pain qu’on fait & fõde

133 215 646 59 Des ſaĩcts eſcrits, gardez voꝰ biẽ qu’õ n’oye

131 256 632 53 De voſtre bouche ſortir parole immonde:

142 294 591 54 Tous vos propos ſeront en ſaincte ioye.

179 331 592 60 Chãtez à Dieu, à Dieu, en voix profõde,

131 370 607 58 Et delaiſſez de vos chans prendre proye:

134 409 639 56 Gardez vous bien que le loup ne confonde

129 451 606 54 Brebis, moutons, poulle, chappon & oye.

175 490 566 50 Aucuns de vous ont relaſché la bonde

128 528 640 58 A tout peché: pour Dieu qu’on y pouruoye:

131 564 577 59 Car tout le mal, qui aux brebis abonde,

128 604 622 55 Souuent prouient du paſteur qui deſuoye.

173 646 573 53 Poures paſteurs voicy ou ie me fonde,

128 682 507 56 Suyuez Ieſus qui iamais ne deuie:

125 720 635 57 De luy tout bien & tout honneur redonde,

124 759 508 55 Allez à luy par foy, il vous conuie.

154 828 620 56 L'eſpoir que les Chrestiens ont en la bonté de Dieu,

123 865 648 58 leur engendre vne tranquilité d’eſprit: & leur fait

122 899 365 51 chanter Cantiques de louange.

196 953 399 57 R chantez chantez Fideles,

188 992 407 64 Ne ceſſez point de chanter,

123 1031 424 59 Les ſainctes louanges belles

122 1073 401 53 De Dieu vous faut reciter.

173 1112 528 60 Pour les cruels maux qu’ordonne

136 959 50 77 O

555 1158 85 48 C .iii.
