892 1332
720 79 63 60 39

297 66 264 72 Spirituelles.

145 130 421 53 Car mener vous veux là ſus.

190 173 355 49 Ie ſuis la vraye lumiere,

146 210 430 54 Qui conduit tous les parfaits,

139 252 334 46 La remiſsion pleniere

137 288 451 47 Donnant à tous leurs malfaits.

188 329 370 48 Or puis qu’vne telle ioye

134 366 427 49 Me preſente mon vray Dieu:

139 404 398 51 Tenir ne veux autre voye,

132 440 343 52 Ny aller en autre lieu.

173 483 445 49 Mais tant que i’auray eſſence.

131 518 354 50 Ne ceſſeray en nul lieu:

130 557 387 49 De chanter à l’excellence,

127 596 435 55 Du tréshaut & puiſſant Dieu.

160 666 597 53 Chanſon demonſtrant la maniere comme les Chre¬

124 700 567 57 ſtiens ſe doiuent eſmouuoir a chanter ſelon Dieu.

182 749 368 48 'Eſt vne poure chanterie,

183 784 452 60 Et fort deſplaiſant, au Seigneur

122 827 496 55 Chanter chanſons d’yurongnerie,

123 867 427 50 Controuuées au deshonneur

116 903 544 60 Du Seigneur Dieu qui tout cognoit,

117 945 460 48 Combien qne belle couuerture

114 980 398 52 De bien, & ſaincteté y ſoit,

117 1020 516 54 Ce qui eſt ſans foy, n’eſt qu’ordure.

159 1062 499 52 Impoſsible eſt, quoy qu’on te die,

113 1098 486 56 Sans foy plaire à noſtre Sauueur:

138 759 37 67 C

560 1146 92 46 C .iiii.
