<?xml version="1.0" encoding="UTF-8"?>
<alto xmlns:xsi="http://www.w3.org/2001/XMLSchema-instance"
      xmlns="http://www.loc.gov/standards/alto/ns-v4#"
      xsi:schemaLocation="http://www.loc.gov/standards/alto/ns-v4# http://www.loc.gov/standards/alto/v4/alto-4-2.xsd">
  <Description>
    <MeasurementUnit>pixel</MeasurementUnit>
    <sourceImageInformation>
      <fileName>43_89014_default.jpg</fileName>
      <fileIdentifier>https://www.e-rara.ch/i3f/v20/12575354/full/full/0/default.jpg</fileIdentifier>
    </sourceImageInformation>
  </Description>
  <Tags>
    <OtherTag ID="BT7" LABEL="CustomZone" DESCRIPTION="block type CustomZone"/><OtherTag ID="BT8" LABEL="DamageZone" DESCRIPTION="block type DamageZone"/><OtherTag ID="BT9" LABEL="DigitizationArtefactZone" DESCRIPTION="block type DigitizationArtefactZone"/><OtherTag ID="BT10" LABEL="DropCapitalZone" DESCRIPTION="block type DropCapitalZone"/><OtherTag ID="BT11" LABEL="GraphicZone" DESCRIPTION="block type GraphicZone"/><OtherTag ID="BT12" LABEL="MainZone" DESCRIPTION="block type MainZone"/><OtherTag ID="BT13" LABEL="MarginTextZone" DESCRIPTION="block type MarginTextZone"/><OtherTag ID="BT14" LABEL="MusicZone" DESCRIPTION="block type MusicZone"/><OtherTag ID="BT15" LABEL="NumberingZone" DESCRIPTION="block type NumberingZone"/><OtherTag ID="BT17" LABEL="QuireMarksZone" DESCRIPTION="block type QuireMarksZone"/><OtherTag ID="BT18" LABEL="RunningTitleZone" DESCRIPTION="block type RunningTitleZone"/><OtherTag ID="BT19" LABEL="SealZone" DESCRIPTION="block type SealZone"/><OtherTag ID="BT20" LABEL="StampZone" DESCRIPTION="block type StampZone"/><OtherTag ID="BT21" LABEL="TableZone" DESCRIPTION="block type TableZone"/><OtherTag ID="BT22" LABEL="TitlePageZone" DESCRIPTION="block type TitlePageZone"/>
    <OtherTag ID="LT7" LABEL="CustomLine" DESCRIPTION="line type CustomLine"/><OtherTag ID="LT8" LABEL="DefaultLine" DESCRIPTION="line type DefaultLine"/><OtherTag ID="LT9" LABEL="DropCapitalLine" DESCRIPTION="line type DropCapitalLine"/><OtherTag ID="LT10" LABEL="HeadingLine" DESCRIPTION="line type HeadingLine"/><OtherTag ID="LT11" LABEL="InterlinearLine" DESCRIPTION="line type InterlinearLine"/><OtherTag ID="LT12" LABEL="MusicLine" DESCRIPTION="line type MusicLine"/><OtherTag ID="LT1244" LABEL="default" DESCRIPTION="line type default"/>
  </Tags>
  <Layout>
    <Page WIDTH="892"
          HEIGHT="1332"
          PHYSICAL_IMG_NR="43"
          ID="eSc_dummypage_">
      <PrintSpace HPOS="0"
                  VPOS="0"
                  WIDTH="892"
                  HEIGHT="1332">
        <TextBlock HPOS="93"
                   VPOS="53"
                   WIDTH="95"
                   HEIGHT="77"
                   ID="eSc_textblock_d9bf757a"
                   TAGREFS="BT15">
          <Shape><Polygon POINTS="188 53 188 130 93 130 93 53"/></Shape>
          <TextLine ID="eSc_line_d1bbd315"
                    TAGREFS="LT8"
                    BASELINE="102 98 178 96" 
                    HPOS="102"
                    VPOS="62"
                    WIDTH="76"
                    HEIGHT="55">
            <Shape><Polygon POINTS="102 73 102 98 102 117 132 117 133 117 133 117 133 116 142 108 177 105 178 96 176 67 145 62 145 62 102 71 102 73"/></Shape>
            <String CONTENT="40"
                    HPOS="102"
                    VPOS="62"
                    WIDTH="76"
                    HEIGHT="55"
                    WC="0.9789721071720123"></String>
          </TextLine>
        </TextBlock>
        <TextBlock HPOS="302"
                   VPOS="38"
                   WIDTH="272"
                   HEIGHT="82"
                   ID="eSc_textblock_bae6b304"
                   TAGREFS="BT18">
          <Shape><Polygon POINTS="302 38 302 120 574 120 574 38"/></Shape>
          <TextLine ID="eSc_line_6ce66eb8"
                    TAGREFS="LT10"
                    BASELINE="328 96 561 96" 
                    HPOS="327"
                    VPOS="48"
                    WIDTH="234"
                    HEIGHT="65">
            <Shape><Polygon POINTS="535 63 530 62 502 59 481 48 480 48 460 48 459 48 458 48 439 63 410 63 382 48 381 48 339 48 338 48 337 48 336 48 328 53 328 96 327 102 343 108 344 108 345 108 356 104 371 104 379 110 380 110 381 110 470 105 484 105 495 113 496 113 497 113 498 113 561 113 561 96 549 68 542 66"/></Shape>
            <String CONTENT="Chanſons."
                    HPOS="327"
                    VPOS="48"
                    WIDTH="234"
                    HEIGHT="65"
                    WC="0.9891624715593126"></String>
          </TextLine>
        </TextBlock>
        <TextBlock HPOS="76"
                   VPOS="106"
                   WIDTH="652"
                   HEIGHT="1049"
                   ID="eSc_textblock_c4f812b7"
                   TAGREFS="BT12">
          <Shape><Polygon POINTS="76 1155 76 106 728 106 671 1149"/></Shape>
          <TextLine ID="eSc_line_921e0ec8"
                    TAGREFS="LT8"
                    BASELINE="102 147 540 150" 
                    HPOS="101"
                    VPOS="114"
                    WIDTH="439"
                    HEIGHT="49">
            <Shape><Polygon POINTS="102 147 101 159 162 155 200 160 201 160 202 160 211 155 265 161 266 161 321 156 343 156 348 161 349 161 350 161 350 161 351 161 362 156 391 156 397 161 398 161 398 161 399 161 423 156 436 162 436 162 437 162 461 157 482 162 483 162 484 163 539 163 540 150 540 125 525 125 511 116 510 116 510 116 509 116 469 124 436 119 436 119 435 119 424 122 409 115 408 115 370 115 369 115 368 115 349 123 315 123 307 115 307 114 306 114 305 114 289 114 288 114 287 114 272 122 264 115 264 114 263 114 262 114 233 114 233 114 232 114 231 114 219 122 165 117 164 117 136 122 114 115 113 115 113 115 112 115 102 120 102 147"/></Shape>
            <String CONTENT="Beau parler, &amp; meſchante vie,"
                    HPOS="101"
                    VPOS="114"
                    WIDTH="439"
                    HEIGHT="49"
                    WC="0.9968575773567989"></String>
          </TextLine>
          <TextLine ID="eSc_line_522e7d50"
                    TAGREFS="LT8"
                    BASELINE="102 186 550 187" 
                    HPOS="102"
                    VPOS="156"
                    WIDTH="448"
                    HEIGHT="41">
            <Shape><Polygon POINTS="102 186 102 197 550 197 550 187 550 165 469 165 450 158 449 158 448 158 447 158 447 158 447 159 440 165 411 161 410 161 410 161 409 161 402 165 359 165 349 158 348 158 347 158 324 157 324 157 266 162 256 157 255 157 254 157 253 157 236 163 225 159 225 159 224 159 223 159 206 165 179 165 171 159 170 159 170 159 169 159 144 164 128 157 128 157 102 156 102 186"/></Shape>
            <String CONTENT="En ce ne prend il point ſaueur,"
                    HPOS="102"
                    VPOS="156"
                    WIDTH="448"
                    HEIGHT="41"
                    WC="0.9798669334380857"></String>
          </TextLine>
          <TextLine ID="eSc_line_5bdb8294"
                    TAGREFS="LT8"
                    BASELINE="105 224 545 227" 
                    HPOS="105"
                    VPOS="196"
                    WIDTH="440"
                    HEIGHT="45">
            <Shape><Polygon POINTS="105 224 105 233 108 237 108 238 109 238 110 238 111 238 111 238 123 234 241 239 242 239 278 233 284 238 284 239 284 239 285 239 286 239 347 234 353 239 353 239 353 239 354 239 355 239 356 239 369 236 392 240 393 240 393 240 404 235 418 240 419 240 420 240 457 235 544 241 545 227 545 204 532 199 532 199 531 199 495 204 470 200 469 200 468 200 459 204 444 200 444 200 443 200 302 203 282 197 281 197 250 197 250 197 249 197 239 202 208 199 208 199 143 202 136 196 136 196 135 196 105 196 105 224"/></Shape>
            <String CONTENT="Comme bien ie te prouueray,"
                    HPOS="105"
                    VPOS="196"
                    WIDTH="440"
                    HEIGHT="45"
                    WC="0.9759126327655934"></String>
          </TextLine>
          <TextLine ID="eSc_line_3e058835"
                    TAGREFS="LT8"
                    BASELINE="105 264 590 267" 
                    HPOS="104"
                    VPOS="232"
                    WIDTH="486"
                    HEIGHT="48">
            <Shape><Polygon POINTS="105 264 104 270 129 278 130 278 131 278 131 278 153 272 190 272 226 278 227 278 259 273 271 278 272 278 273 278 273 278 287 274 304 278 304 278 305 278 306 278 322 273 352 279 353 279 378 274 431 277 432 277 433 277 433 277 438 273 469 280 470 280 498 276 517 280 518 280 518 280 533 274 589 280 590 267 590 243 539 238 538 238 538 238 537 238 530 243 490 243 462 234 461 234 461 234 460 234 438 241 393 234 393 234 392 234 391 234 391 235 383 241 309 241 300 233 299 233 299 233 270 233 269 233 268 233 267 233 256 241 239 241 226 233 225 233 225 233 171 233 170 233 170 233 148 240 105 232 105 264"/></Shape>
            <String CONTENT="Par S. Matthieu en ſon ſeptieme,"
                    HPOS="104"
                    VPOS="232"
                    WIDTH="486"
                    HEIGHT="48"
                    WC="0.9909741878509521"></String>
          </TextLine>
          <TextLine ID="eSc_line_d54e34b0"
                    TAGREFS="LT8"
                    BASELINE="104 301 527 303" 
                    HPOS="104"
                    VPOS="274"
                    WIDTH="423"
                    HEIGHT="44">
            <Shape><Polygon POINTS="104 301 105 315 113 310 146 310 153 315 153 315 154 315 155 315 156 315 173 310 204 310 214 315 215 315 216 315 216 315 232 312 247 316 247 316 248 317 262 317 262 316 263 316 264 316 264 315 269 311 287 316 288 316 289 316 290 316 303 311 310 315 311 315 312 315 313 315 313 315 318 312 322 315 322 315 322 315 323 315 324 315 349 311 365 316 366 316 367 316 436 312 451 317 452 317 453 318 481 318 481 317 482 317 492 313 507 317 508 317 509 317 510 317 526 311 527 303 525 275 468 281 448 275 447 275 447 275 376 279 363 274 362 274 361 274 361 274 345 281 335 274 334 274 333 274 309 274 308 274 307 274 307 274 298 281 245 281 176 281 168 274 168 274 167 274 166 274 165 274 165 274 158 280 139 274 138 274 104 274 104 301"/></Shape>
            <String CONTENT="Pourtant ie te demonſtreray"
                    HPOS="104"
                    VPOS="274"
                    WIDTH="423"
                    HEIGHT="44"
                    WC="0.99513312180837"></String>
          </TextLine>
          <TextLine ID="eSc_line_57678ba4"
                    TAGREFS="LT8"
                    BASELINE="107 340 664 342" 
                    HPOS="106"
                    VPOS="312"
                    WIDTH="558"
                    HEIGHT="49">
            <Shape><Polygon POINTS="662 316 656 315 601 320 583 314 582 314 557 314 556 314 555 314 555 314 545 321 523 316 522 316 484 321 458 313 458 313 416 313 415 313 379 321 293 321 255 313 254 313 253 313 238 320 151 320 139 313 139 313 138 313 107 312 107 340 106 358 118 358 119 358 119 358 139 350 180 350 192 358 193 358 193 358 194 358 195 358 196 358 206 350 267 350 296 359 297 359 298 359 299 359 316 352 377 359 378 359 379 359 393 352 413 357 413 357 414 357 425 351 445 356 446 356 447 356 447 356 459 351 468 355 469 355 470 355 490 351 511 360 512 360 512 361 552 361 552 360 552 360 553 360 557 356 564 360 565 360 566 361 663 361 664 342 662 316 662 316"/></Shape>
            <String CONTENT="Ou pour chanter prendras ton theme:"
                    HPOS="106"
                    VPOS="312"
                    WIDTH="558"
                    HEIGHT="49"
                    WC="0.9776941384587969"></String>
          </TextLine>
          <TextLine ID="eSc_line_67994e51"
                    TAGREFS="LT8"
                    BASELINE="153 381 589 382" 
                    HPOS="153"
                    VPOS="351"
                    WIDTH="436"
                    HEIGHT="47">
            <Shape><Polygon POINTS="153 381 153 390 159 395 159 395 160 395 161 395 162 395 177 389 194 395 195 395 196 395 196 395 211 388 219 391 219 391 220 391 258 387 264 391 265 391 265 391 266 391 267 391 278 387 295 394 296 394 296 394 297 394 311 387 354 387 363 394 364 394 364 394 365 394 366 394 367 394 376 388 384 392 384 392 385 392 452 388 464 398 464 398 465 398 466 398 477 398 477 398 478 398 478 398 478 397 484 392 490 398 491 398 492 398 493 398 589 397 589 382 589 361 562 353 561 353 561 353 560 353 559 353 550 361 516 361 509 355 508 355 507 355 507 355 481 356 475 352 475 352 474 352 384 352 383 352 382 352 364 358 353 351 353 351 352 351 351 351 350 351 328 359 259 355 259 355 258 355 257 355 253 359 237 351 236 351 201 351 200 351 199 351 199 351 185 359 153 359 153 381"/></Shape>
            <String CONTENT="Enſuis par tout la droite voye"
                    HPOS="153"
                    VPOS="351"
                    WIDTH="436"
                    HEIGHT="47"
                    WC="0.981511648495992"></String>
          </TextLine>
          <TextLine ID="eSc_line_dd3aa475"
                    TAGREFS="LT8"
                    BASELINE="105 418 570 420" 
                    HPOS="105"
                    VPOS="388"
                    WIDTH="465"
                    HEIGHT="47">
            <Shape><Polygon POINTS="105 418 105 429 146 426 165 431 165 431 166 431 167 431 183 425 199 431 199 431 200 431 236 425 278 430 279 430 307 426 356 426 364 429 365 429 366 429 407 426 450 426 466 435 467 435 467 435 569 435 570 420 570 398 523 398 518 394 518 394 517 394 516 394 445 398 433 389 432 389 431 389 430 389 430 389 407 398 374 398 370 393 369 393 368 393 367 393 367 393 359 397 341 389 340 389 339 389 339 389 326 394 300 392 299 392 299 392 283 396 273 390 273 390 272 390 271 390 270 390 262 393 248 388 247 388 247 388 246 388 232 392 226 388 225 388 225 388 196 388 196 388 195 388 176 395 164 395 157 389 157 388 156 388 156 388 155 388 105 389 105 418"/></Shape>
            <String CONTENT="Ieſus Chriſt noſtre redempteur,"
                    HPOS="105"
                    VPOS="388"
                    WIDTH="465"
                    HEIGHT="47"
                    WC="0.9915708784134157"></String>
          </TextLine>
          <TextLine ID="eSc_line_f8f8b308"
                    TAGREFS="LT8"
                    BASELINE="105 458 542 458" 
                    HPOS="105"
                    VPOS="429"
                    WIDTH="437"
                    HEIGHT="46">
            <Shape><Polygon POINTS="105 458 105 469 136 467 148 472 149 472 150 472 151 472 169 467 192 475 193 475 193 475 194 475 195 475 205 466 289 466 294 471 294 472 295 472 296 472 319 475 320 475 321 475 322 475 334 466 349 466 369 475 370 475 370 475 371 475 400 466 411 475 412 475 413 475 413 475 523 475 523 475 524 475 542 466 542 458 542 436 470 435 465 429 464 429 464 429 463 429 462 429 450 435 416 430 415 430 390 435 381 429 381 429 380 429 379 429 379 429 353 435 347 429 347 429 346 429 345 429 325 429 324 429 324 429 309 435 292 432 291 432 290 432 282 435 202 435 195 431 194 431 193 431 193 431 192 431 191 431 191 432 188 435 172 429 171 429 144 429 143 429 142 429 142 429 138 432 134 429 134 429 133 429 133 429 105 429 105 458"/></Shape>
            <String CONTENT="En luy mettant toute ta ioye:"
                    HPOS="105"
                    VPOS="429"
                    WIDTH="437"
                    HEIGHT="46"
                    WC="0.9901695292571495"></String>
          </TextLine>
          <TextLine ID="eSc_line_5d3fd544"
                    TAGREFS="LT8"
                    BASELINE="104 498 455 497 542 500" 
                    HPOS="103"
                    VPOS="467"
                    WIDTH="439"
                    HEIGHT="44">
            <Shape><Polygon POINTS="104 498 104 506 195 506 238 511 239 511 239 511 263 505 339 509 340 509 375 505 379 509 379 509 380 509 381 509 407 511 408 511 409 511 423 506 430 510 430 510 431 510 464 511 464 511 465 511 486 504 541 510 542 500 541 475 485 472 484 472 484 472 469 475 454 470 453 470 453 470 452 470 437 476 338 476 315 467 314 467 246 467 245 467 245 467 244 467 244 468 235 475 210 474 205 468 205 467 204 467 203 467 202 467 181 472 176 469 176 469 175 469 174 469 173 469 173 469 166 474 144 467 143 467 142 467 103 473 104 498"/></Shape>
            <String CONTENT="De volupté ſois contempteur,"
                    HPOS="103"
                    VPOS="467"
                    WIDTH="439"
                    HEIGHT="44"
                    WC="0.989319973978503"></String>
          </TextLine>
          <TextLine ID="eSc_line_7a03dea7"
                    TAGREFS="LT8"
                    BASELINE="107 535 526 537" 
                    HPOS="106"
                    VPOS="506"
                    WIDTH="420"
                    HEIGHT="45">
            <Shape><Polygon POINTS="107 535 106 543 113 549 113 549 113 549 114 549 115 549 312 543 315 546 316 546 316 547 316 547 317 547 318 547 358 543 367 549 368 549 369 549 370 549 370 549 382 543 424 549 424 549 425 549 426 549 426 548 430 545 448 548 449 548 450 548 450 548 455 544 459 548 460 548 461 548 461 548 462 548 476 543 484 550 484 550 485 550 486 551 525 551 526 537 525 515 485 509 484 509 484 509 462 515 442 510 441 510 441 510 433 515 386 515 378 507 377 507 376 507 376 507 341 512 334 507 333 507 333 507 332 507 301 511 287 507 286 507 285 507 284 507 271 512 258 506 257 506 256 506 213 515 154 515 139 506 139 506 138 506 107 506 107 535"/></Shape>
            <String CONTENT="Du monde &amp; de ſes vanitez,"
                    HPOS="106"
                    VPOS="506"
                    WIDTH="420"
                    HEIGHT="45"
                    WC="0.9995353886714349"></String>
          </TextLine>
          <TextLine ID="eSc_line_45ac2c18"
                    TAGREFS="LT8"
                    BASELINE="111 574 595 575" 
                    HPOS="111"
                    VPOS="543"
                    WIDTH="484"
                    HEIGHT="46">
            <Shape><Polygon POINTS="592 555 589 553 565 553 553 545 552 545 552 545 551 545 515 552 450 552 441 545 440 545 439 545 438 545 402 552 389 545 388 545 351 545 350 545 350 545 338 549 333 545 333 544 332 544 331 544 330 544 330 544 304 552 280 552 270 544 270 544 269 544 253 544 252 544 251 544 250 544 250 545 242 552 209 552 201 545 201 544 200 544 199 544 180 544 179 544 179 544 163 552 142 544 141 544 111 543 111 574 111 588 126 588 126 587 127 587 128 587 128 586 134 581 196 581 223 581 237 588 238 588 239 589 253 589 253 588 254 588 255 588 255 587 261 583 292 588 293 588 293 588 306 581 335 581 352 589 353 589 353 589 354 589 355 589 365 582 393 582 400 587 400 588 401 588 401 588 402 588 403 588 415 583 424 589 425 589 426 589 446 589 446 589 447 589 447 589 457 582 471 583 476 588 476 589 477 589 478 589 478 589 555 582 593 589 595 575 595 557 592 555"/></Shape>
            <String CONTENT="Tes chanſons ſoyent ſpiriruelles,"
                    HPOS="111"
                    VPOS="543"
                    WIDTH="484"
                    HEIGHT="46"
                    WC="0.9968607064449426"></String>
          </TextLine>
          <TextLine ID="eSc_line_4e956142"
                    TAGREFS="LT8"
                    BASELINE="105 614 604 615" 
                    HPOS="105"
                    VPOS="580"
                    WIDTH="499"
                    HEIGHT="48">
            <Shape><Polygon POINTS="105 614 105 622 133 620 148 626 148 626 149 626 150 626 151 626 157 620 167 626 168 626 168 626 190 626 190 626 191 626 203 620 227 624 227 624 228 624 236 620 247 626 247 626 248 626 270 623 293 626 293 626 294 626 313 620 384 620 392 625 393 625 393 625 416 621 436 627 437 627 438 627 438 627 439 627 439 626 446 621 489 621 495 626 495 627 496 627 497 627 498 628 565 628 565 627 566 627 582 622 602 626 604 615 603 591 558 591 528 583 527 583 527 583 512 591 365 591 345 581 344 581 344 581 302 582 302 582 301 582 290 590 281 590 270 581 270 581 269 581 268 581 267 581 244 588 234 581 233 581 233 581 202 581 202 581 201 581 185 586 179 581 179 581 178 581 177 581 137 586 105 580 105 614"/></Shape>
            <String CONTENT="De la ſaincte Eſcriture extraictes:"
                    HPOS="105"
                    VPOS="580"
                    WIDTH="499"
                    HEIGHT="48"
                    WC="0.9816815597670419"></String>
          </TextLine>
          <TextLine ID="eSc_line_35c079d3"
                    TAGREFS="LT8"
                    BASELINE="105 653 626 653" 
                    HPOS="105"
                    VPOS="620"
                    WIDTH="521"
                    HEIGHT="45">
            <Shape><Polygon POINTS="105 653 105 665 128 660 173 664 173 664 174 664 190 660 198 665 199 665 199 665 200 665 201 665 219 660 302 660 333 665 334 665 403 660 442 664 443 664 464 660 474 665 475 665 475 665 626 662 626 653 626 631 589 631 577 620 576 620 575 620 567 620 567 620 566 620 565 620 554 631 540 631 512 626 511 626 510 626 501 631 483 622 482 622 481 622 481 622 480 622 464 631 437 631 413 620 413 620 412 620 411 620 387 631 380 626 379 626 379 626 378 626 357 631 344 622 344 622 343 622 342 622 341 622 324 631 297 631 287 624 287 624 286 624 285 624 284 624 262 631 252 624 251 624 250 624 250 624 249 624 239 628 226 620 225 620 225 620 126 620 125 620 125 620 105 626 105 653"/></Shape>
            <String CONTENT="Delaiſſans ces chanſons charnelles."
                    HPOS="105"
                    VPOS="620"
                    WIDTH="521"
                    HEIGHT="45"
                    WC="0.9824354733739581"></String>
          </TextLine>
          <TextLine ID="eSc_line_9a0b8105"
                    TAGREFS="LT8"
                    BASELINE="153 691 575 692" 
                    HPOS="153"
                    VPOS="660"
                    WIDTH="422"
                    HEIGHT="45">
            <Shape><Polygon POINTS="153 691 153 697 176 703 176 703 177 703 178 703 185 699 208 703 208 703 241 699 247 704 248 704 249 704 250 705 284 705 284 704 285 704 286 704 293 698 310 704 310 704 311 704 341 698 390 698 401 705 402 705 403 705 404 705 424 699 441 705 441 705 442 705 470 699 485 699 490 704 490 705 491 705 492 705 493 705 526 699 547 703 547 703 548 703 549 703 554 700 558 703 558 704 559 704 560 704 561 704 561 704 574 700 575 692 574 668 557 668 550 662 549 662 548 662 547 662 547 662 529 666 515 662 515 662 514 662 475 666 459 662 458 662 458 662 457 662 456 662 450 667 393 667 388 663 387 663 387 663 386 663 385 663 384 663 379 667 364 661 364 661 363 661 362 661 361 661 353 666 296 666 288 661 287 661 287 661 286 661 285 661 284 661 276 667 208 667 199 662 199 662 198 662 197 662 196 662 196 662 196 663 194 664 191 662 191 661 190 661 190 661 153 660 153 691"/></Shape>
            <String CONTENT="Lis au quatorſieme chapitre"
                    HPOS="153"
                    VPOS="660"
                    WIDTH="422"
                    HEIGHT="45"
                    WC="0.9951524094299034"></String>
          </TextLine>
          <TextLine ID="eSc_line_bd621c16"
                    TAGREFS="LT8"
                    BASELINE="107 731 405 730 552 733" 
                    HPOS="106"
                    VPOS="697"
                    WIDTH="446"
                    HEIGHT="47">
            <Shape><Polygon POINTS="107 731 106 740 142 739 165 742 165 742 166 742 182 738 187 742 187 743 188 743 188 743 189 744 208 744 208 743 209 743 227 738 257 743 258 743 259 743 259 743 266 738 273 743 273 743 274 743 275 744 324 744 324 743 324 743 325 743 334 738 350 738 364 743 365 743 366 743 367 743 384 738 466 738 520 743 521 743 551 739 552 733 551 709 506 703 505 703 504 703 504 703 504 704 498 709 474 709 463 699 463 698 462 698 461 698 461 698 460 698 424 708 353 698 352 698 351 698 350 698 340 706 308 708 289 698 288 698 287 698 287 698 262 708 241 698 240 698 239 698 200 705 189 699 188 699 160 697 159 697 159 697 144 705 132 697 131 697 131 697 107 697 107 731"/></Shape>
            <String CONTENT="De l’epiſtre aux Corinthiens,"
                    HPOS="106"
                    VPOS="697"
                    WIDTH="446"
                    HEIGHT="47"
                    ></String>
          </TextLine>
          <TextLine ID="eSc_line_80a98b64"
                    TAGREFS="LT8"
                    BASELINE="108 769 609 769" 
                    HPOS="108"
                    VPOS="737"
                    WIDTH="501"
                    HEIGHT="49">
            <Shape><Polygon POINTS="605 745 564 745 552 738 551 738 550 738 550 738 528 744 511 737 510 737 510 737 509 737 508 737 497 745 370 745 357 739 356 739 316 737 316 737 315 737 314 737 306 745 290 745 270 737 270 737 241 737 240 737 239 737 239 737 231 742 210 737 210 737 209 737 196 744 188 737 187 737 186 737 108 737 108 769 108 778 139 778 164 785 165 785 165 785 197 779 210 782 211 782 212 782 213 782 225 778 299 781 299 781 332 778 340 785 340 785 341 785 341 785 342 786 507 786 507 785 508 785 509 785 518 778 535 784 536 784 537 784 563 778 575 784 575 784 608 785 609 769 609 748 605 745"/></Shape>
            <String CONTENT="Ou S. Paul enſeigne en vray tiltre"
                    HPOS="108"
                    VPOS="737"
                    WIDTH="501"
                    HEIGHT="49"
                    WC="0.991864330628339"></String>
          </TextLine>
          <TextLine ID="eSc_line_e36f6723"
                    TAGREFS="LT8"
                    BASELINE="109 806 487 807 656 811" 
                    HPOS="109"
                    VPOS="777"
                    WIDTH="547"
                    HEIGHT="48">
            <Shape><Polygon POINTS="649 785 646 781 639 779 638 779 638 779 615 782 609 779 609 779 608 779 573 779 572 779 572 779 554 783 496 778 495 778 459 785 447 780 446 780 445 780 444 780 433 785 396 785 376 777 375 777 374 777 336 785 300 785 291 777 290 777 290 777 253 777 252 777 251 777 250 777 239 784 167 780 166 780 141 783 132 777 131 777 131 777 130 777 109 779 109 806 109 816 204 816 230 822 230 822 231 822 232 822 242 818 254 821 255 821 256 821 282 816 297 824 298 824 299 824 299 824 317 819 344 823 344 823 345 823 346 823 354 816 364 816 374 825 375 825 376 825 376 825 407 825 407 825 408 825 409 825 413 821 470 825 470 825 471 825 472 825 484 817 507 817 519 825 520 825 521 825 521 825 655 822 656 811 656 791 649 785"/></Shape>
            <String CONTENT="Comme doiuent les vrays Chreſtiens"
                    HPOS="109"
                    VPOS="777"
                    WIDTH="547"
                    HEIGHT="48"
                    WC="0.9721345042481142"></String>
          </TextLine>
          <TextLine ID="eSc_line_e06619e5"
                    TAGREFS="LT8"
                    BASELINE="106 845 540 848" 
                    HPOS="105"
                    VPOS="815"
                    WIDTH="435"
                    HEIGHT="48">
            <Shape><Polygon POINTS="106 845 105 854 125 854 154 861 155 861 156 861 177 853 196 853 201 858 202 858 202 858 203 858 204 858 214 853 230 853 241 862 242 862 242 862 243 862 267 862 267 862 268 862 269 862 269 861 277 854 311 854 322 862 322 862 323 862 324 862 353 858 362 862 363 862 364 863 427 863 427 862 427 862 428 862 437 856 464 856 472 862 472 863 473 863 473 863 474 863 507 856 526 862 527 862 527 862 528 862 529 862 539 855 540 848 540 827 517 827 508 818 508 817 507 817 507 817 490 817 490 817 489 817 488 817 478 825 464 822 464 822 463 822 454 826 436 822 435 822 434 822 433 822 418 825 409 821 408 821 407 821 385 823 358 816 357 816 356 816 313 820 312 820 311 820 311 821 307 824 300 819 299 819 299 819 298 819 297 819 296 819 287 825 224 825 200 815 199 815 162 815 162 815 161 815 160 815 160 816 151 825 141 825 127 815 126 815 125 815 125 815 124 815 106 822 106 845"/></Shape>
            <String CONTENT="Preſcher, prier, chanter auſsi,"
                    HPOS="105"
                    VPOS="815"
                    WIDTH="435"
                    HEIGHT="48"
                    WC="0.9612845566964918"></String>
          </TextLine>
          <TextLine ID="eSc_line_c4f65b00"
                    TAGREFS="LT8"
                    BASELINE="108 885 558 887" 
                    HPOS="107"
                    VPOS="853"
                    WIDTH="451"
                    HEIGHT="49">
            <Shape><Polygon POINTS="108 885 107 891 162 900 163 900 164 900 181 893 196 896 196 896 197 896 213 893 330 893 346 901 347 901 347 902 396 902 396 901 396 901 411 893 438 901 438 901 439 901 557 899 558 887 557 865 534 865 523 855 522 855 521 855 438 855 437 855 436 855 418 865 409 860 408 860 407 860 407 860 392 865 381 856 380 856 379 856 379 856 378 856 377 856 371 860 361 856 360 856 359 856 359 856 358 856 346 865 282 861 281 861 256 864 245 859 245 859 244 859 224 864 213 854 212 854 211 854 210 854 210 854 182 864 150 864 140 856 139 856 139 856 108 853 108 885"/></Shape>
            <String CONTENT="Tout ſoit en voix intelligible,"
                    HPOS="107"
                    VPOS="853"
                    WIDTH="451"
                    HEIGHT="49"
                    WC="0.9904344985561986"></String>
          </TextLine>
          <TextLine ID="eSc_line_9420236b"
                    TAGREFS="LT8"
                    BASELINE="105 924 572 925" 
                    HPOS="105"
                    VPOS="891"
                    WIDTH="467"
                    HEIGHT="48">
            <Shape><Polygon POINTS="105 924 105 930 122 935 123 935 124 935 142 931 161 938 162 938 162 938 163 938 164 938 170 933 210 934 211 934 212 934 213 934 218 930 281 930 300 938 301 938 339 939 340 939 382 939 382 939 383 939 400 931 427 939 427 939 428 939 453 939 453 939 453 939 480 931 514 936 515 936 541 931 571 938 572 925 572 902 528 893 527 893 527 893 499 902 472 902 421 893 420 893 419 893 418 893 418 893 410 901 386 896 385 896 357 901 347 893 346 893 345 893 344 893 344 893 333 898 310 892 310 892 298 892 297 892 296 892 296 892 296 893 290 898 281 892 280 892 279 892 241 892 240 892 239 892 207 901 148 901 135 892 134 892 133 892 105 891 105 924"/></Shape>
            <String CONTENT="De cœur, d’eſprit, en ſens raſsis,"
                    HPOS="105"
                    VPOS="891"
                    WIDTH="467"
                    HEIGHT="48"
                    WC="0.9975515586488387"></String>
          </TextLine>
          <TextLine ID="eSc_line_add000c0"
                    TAGREFS="LT8"
                    BASELINE="106 964 626 964" 
                    HPOS="106"
                    VPOS="931"
                    WIDTH="520"
                    HEIGHT="46">
            <Shape><Polygon POINTS="624 940 623 939 603 939 589 931 589 931 588 931 587 931 587 931 576 936 569 932 568 932 567 932 567 932 566 932 538 939 464 939 458 935 457 935 456 935 387 931 387 931 386 931 385 931 375 939 325 939 299 931 299 931 265 931 264 931 263 931 262 931 253 939 236 939 223 931 222 931 222 931 193 931 192 931 191 931 190 931 179 939 146 939 130 931 129 931 128 931 106 931 106 964 106 976 128 972 167 976 168 976 168 976 182 971 199 976 199 976 200 976 201 976 213 971 312 975 313 975 313 975 314 975 319 971 376 971 381 976 382 976 383 976 384 976 384 976 402 971 427 971 440 976 441 976 441 977 463 977 463 976 464 976 464 976 464 976 470 971 501 971 508 976 509 976 510 976 510 977 574 977 574 976 575 976 575 976 582 972 591 976 592 976 592 976 626 976 626 964 626 942 624 940"/></Shape>
            <String CONTENT="Dont fruict à tous ſoit perceptible."
                    HPOS="106"
                    VPOS="931"
                    WIDTH="520"
                    HEIGHT="46"
                    WC="0.9733143271626653"></String>
          </TextLine>
          <TextLine ID="eSc_line_c062b83f"
                    TAGREFS="LT8"
                    BASELINE="154 1001 648 1003" 
                    HPOS="153"
                    VPOS="973"
                    WIDTH="495"
                    HEIGHT="44">
            <Shape><Polygon POINTS="154 1001 153 1008 172 1014 173 1014 173 1014 218 1010 260 1013 261 1013 262 1013 269 1010 279 1014 279 1014 280 1014 281 1014 290 1010 318 1010 325 1016 326 1016 327 1016 327 1016 328 1016 351 1010 357 1014 358 1014 359 1014 401 1016 402 1016 431 1012 441 1016 442 1016 443 1017 498 1017 498 1016 499 1016 500 1016 507 1010 575 1016 576 1016 577 1016 578 1016 584 1011 615 1010 646 1016 648 1003 647 979 622 979 614 973 613 973 612 973 612 973 473 979 441 973 441 973 440 973 418 979 392 975 391 975 390 975 380 978 372 973 371 973 370 973 370 973 342 979 236 979 208 973 208 973 182 978 174 973 173 973 173 973 172 973 154 973 154 1001"/></Shape>
            <String CONTENT="Ie chanteray donc de ma bouche,"
                    HPOS="153"
                    VPOS="973"
                    WIDTH="495"
                    HEIGHT="44"
                    WC="0.9830467662503642"></String>
          </TextLine>
          <TextLine ID="eSc_line_5a8f3f36"
                    TAGREFS="LT8"
                    BASELINE="105 1041 657 1041" 
                    HPOS="105"
                    VPOS="1011"
                    WIDTH="552"
                    HEIGHT="46">
            <Shape><Polygon POINTS="105 1041 105 1048 128 1055 128 1055 129 1055 130 1055 139 1051 164 1053 165 1053 165 1053 166 1053 173 1049 268 1049 300 1056 301 1057 319 1057 319 1056 319 1056 320 1056 328 1050 345 1056 346 1056 347 1056 347 1056 348 1056 358 1049 392 1056 393 1057 470 1057 470 1056 470 1056 487 1049 511 1056 512 1056 512 1056 513 1056 530 1051 552 1056 552 1056 604 1052 612 1055 612 1055 613 1055 614 1055 635 1049 655 1055 657 1041 656 1014 620 1016 612 1011 611 1011 610 1011 609 1011 609 1011 596 1017 528 1017 504 1011 503 1011 502 1011 501 1011 495 1017 456 1017 448 1011 447 1011 447 1011 416 1011 415 1011 414 1011 413 1011 404 1017 356 1017 350 1012 350 1011 350 1011 349 1011 320 1011 319 1011 319 1011 318 1011 311 1017 247 1017 202 1011 202 1011 201 1011 185 1016 169 1011 168 1011 168 1011 167 1011 152 1016 146 1011 145 1011 145 1011 105 1011 105 1041"/></Shape>
            <String CONTENT="Mais de cœur bien plus ardemment:"
                    HPOS="105"
                    VPOS="1011"
                    WIDTH="552"
                    HEIGHT="46"
                    WC="0.9805292053656145"></String>
          </TextLine>
          <TextLine ID="eSc_line_5156e690"
                    TAGREFS="LT8"
                    BASELINE="109 1079 671 1081" 
                    HPOS="108"
                    VPOS="1049"
                    WIDTH="563"
                    HEIGHT="50">
            <Shape><Polygon POINTS="109 1079 108 1091 129 1097 130 1097 131 1097 131 1097 142 1092 200 1092 214 1098 215 1098 216 1099 242 1099 242 1098 243 1098 244 1098 254 1092 268 1092 284 1098 285 1098 390 1099 391 1099 392 1099 393 1099 398 1095 461 1099 461 1099 489 1093 515 1099 515 1099 670 1092 671 1081 670 1057 642 1057 633 1050 632 1050 632 1050 613 1050 612 1050 612 1050 611 1050 603 1057 508 1057 498 1050 497 1050 496 1050 495 1050 495 1050 467 1056 433 1053 433 1053 432 1053 421 1056 373 1056 359 1049 358 1049 357 1049 319 1050 318 1050 317 1050 308 1055 300 1049 299 1049 299 1049 298 1049 297 1049 276 1055 260 1049 259 1049 259 1049 258 1049 242 1053 236 1049 236 1049 235 1049 171 1049 170 1049 170 1049 156 1056 142 1056 131 1049 130 1049 129 1049 128 1049 109 1052 109 1079"/></Shape>
            <String CONTENT="Par l’eſprit de Dieu quand me touche:"
                    HPOS="108"
                    VPOS="1049"
                    WIDTH="563"
                    HEIGHT="50"
                    WC="0.9955588659724673"></String>
          </TextLine>
          <TextLine ID="eSc_line_7668cc7d"
                    TAGREFS="LT8"
                    BASELINE="108 1121 539 1119" 
                    HPOS="107"
                    VPOS="1090"
                    WIDTH="432"
                    HEIGHT="51">
            <Shape><Polygon POINTS="108 1121 108 1134 131 1140 131 1140 132 1140 148 1135 164 1140 165 1140 165 1140 166 1140 178 1135 215 1135 228 1140 229 1140 230 1140 230 1140 243 1136 248 1140 249 1140 250 1140 250 1141 302 1141 302 1140 302 1140 303 1140 310 1135 383 1139 384 1139 384 1139 385 1139 392 1134 401 1139 402 1139 403 1139 495 1134 538 1138 539 1119 538 1098 487 1098 475 1090 474 1090 473 1090 473 1090 472 1090 447 1098 433 1098 427 1092 427 1092 426 1092 425 1092 424 1092 395 1097 389 1092 388 1092 387 1092 359 1090 358 1090 357 1090 356 1090 344 1098 302 1098 227 1098 201 1091 200 1091 153 1091 152 1091 151 1091 142 1095 107 1092 108 1121"/></Shape>
            <String CONTENT="Ie ne le ponrroye autrement."
                    HPOS="107"
                    VPOS="1090"
                    WIDTH="432"
                    HEIGHT="51"
                    WC="0.985361954995564"></String>
          </TextLine>
        </TextBlock>
        <TextBlock HPOS="677"
                   VPOS="1109"
                   WIDTH="87"
                   HEIGHT="71"
                   ID="eSc_textblock_53102f25"
                   TAGREFS="BT17">
          <Shape><Polygon POINTS="677 1109 677 1180 764 1180 764 1109"/></Shape>
          <TextLine ID="eSc_line_672774c6"
                    TAGREFS="LT8"
                    BASELINE="690 1158 749 1157" 
                    HPOS="689"
                    VPOS="1127"
                    WIDTH="60"
                    HEIGHT="45">
            <Shape><Polygon POINTS="743 1141 721 1136 710 1127 706 1127 689 1129 690 1158 690 1172 749 1172 749 1157 748 1155 743 1141"/></Shape>
            <String CONTENT="Par"
                    HPOS="689"
                    VPOS="1127"
                    WIDTH="60"
                    HEIGHT="45"
                    WC="0.9745866258939108"></String>
          </TextLine>
        </TextBlock>
      </PrintSpace>
    </Page>
  </Layout>
</alto>
