892 1332
711 88 65 64 41

280 59 265 71 Spirituelles.

130 123 382 50 Par ainſi Dieu ie loueray,

131 165 418 51 Au grand prouffit & edifice

130 202 491 57 De mon prochain, & l’inſtruiray.

131 241 404 52 A louer Dieu en ſon office.

178 280 523 59 N’aurons nous qu’vne fois l’annee,

124 321 453 54 Ou deux, memoire ſeulement,

127 357 398 54 De la grace qu’il a donnée

126 398 532 55 Aux ſiens, pour leſquels pourement

126 435 411 51 Dedans vn eſtable il eſt né:

125 474 534 56 Pour nous a ſouffert mort horrible

124 511 395 53 En ce monde ſi mal mené?

124 552 480 57 Penſons y tant qu’il eſt poſsible.

179 594 529 56 Tant que nous ſerons en ce monde,

122 631 542 56 Si Chreſtiens ſommes, en nos cœurs,

122 668 497 57 Porter deuons l’amour profonde,

121 708 501 62 De ce bon Chriſt & ſes langueurs,

121 748 311 47 Sa vie & ſa natiuité:

123 784 409 57 C’eſt le miroer de patience:

121 825 358 50 Il eſt mort & reſſuſcité,

119 864 461 58 Monté au ciel par ſa puiſſance.

167 906 576 58 Or chantons donc touſiours louanges,

118 941 423 55 A noſtre bon Pere des cieux,

116 979 477 58 Diſans de cœur apres les Anges,

119 1019 581 62 Gloire au Seigneur aux treshauts lieux:

118 1057 397 56 Qui de la mort nous a tiré

118 1096 415 64 Par Ieſus qui a fait la guerre
