892 1332
102 94 70 56 44

321 70 229 68 Chanſons

98 135 531 55 Et fait ce bien, pecheur ſi tu le crois,

105 183 259 48 Que de ſa iuſtice,

100 224 252 47 Et propre vertu:

103 260 234 44 Par ce benefice

101 283 608 62 Il t'a reueſtu. Point ne faut, &c.

154 331 488 52 Ce qu’eſtoit ſien, il te l’a conferé,

112 371 466 53 Le tien auſsi, en ſoy a transferé:

106 415 332 51 Dieu plus ne t’impute

112 454 302 46 Ton mal & mesfait,

110 492 308 45 Car Chriſt le repute

108 513 639 65 Pour ſien en effet. Point ne, &c.

157 561 537 54 Non que leſus euſt fait aucun peché,

112 601 615 57 Mais voyant l’homme eſtant ſi empeſché,

112 649 219 43 Il ſe conſtitue,

114 685 279 50 De luy le debteur,

116 725 297 46 Puis en ſaiſon deue

117 749 636 63 S’en fait le payeur. Point ne, &c.

163 794 434 54 Iſrael fut de manne alimenté

118 833 565 55 Pour quelque temps de cela ſubſtanté,

121 882 253 45 Sous vne figure,

125 921 341 47 Qu’en vn temps prefix,

122 959 290 45 Dieu feroit paſture

123 985 630 59 De ſon propre fils. Point ne, &c.

173 1029 464 50 Ores à nous eſt baillé & rendu,

126 1069 577 52 Chriſt le vray pain eſt du ciel deſcendu,

133 1110 315 59 Qui eſt ſans faintiſe.

715 1147 51 47 De
