892 1332
709 68 44 60 45

289 55 263 67 Spirituelles.

128 116 369 53 De trop plus grand pris,

137 159 281 45 Que cil que Moyſe

127 196 303 45 Et les ſiens ont pris.

147 230 284 48 Point ne faut, &c.

154 272 578 49 Manne le corps ſeulement nourriſſoit,

117 311 613 51 Non pas l’eſprit, car ſoudain pourriſſoit:

118 352 296 46 Mais ceſte paſture,

120 391 399 44 Dont Chriſt nous nourrit,

124 427 370 46 Touſiours ſans fin dure,

119 464 639 53 Et point ne perit. Point ne faut, &c.

151 504 604 54 Mãger le corps du Seigneur Ieſus Chriſt,

121 544 514 50 Boire ſon ſang, ainſi qu’il eſt eſcrit:

123 586 358 45 C’eſt fermement croire,

126 623 316 48 Que dans noz eſprits

123 659 355 52 Chriſt le Roy de gloire

122 698 638 52 Par foy eſt compris. Point ne faut, &c.

148 740 612 51 Mangez ce corps, dit Ieſus noſtre eſpoux,

122 780 604 49 Beuuez mon ſang agreable & bien doux:

121 817 297 43 Faiſant la memoire

120 853 213 48 Et reduction

120 890 349 50 De ma mort notoire,

119 926 641 64 Et ma paſſion. Point ne faut, &c.

151 971 551 54 Prendre ſon corps & ſon ſang aualer,

124 1008 522 54 C’eſt viue foy qui là nous fait aller:

123 1049 344 51 Et nous fait apprendre

122 1087 292 57 Ce que ne pourroit
