892 1332
91 69 62 65 46

302 54 221 59 Chanſons

91 118 404 58 Tout homme comprendre,

88 150 652 69 Qui la foy n’auroit. Point ne &c.

116 192 508 57 Conuenons tous en louable vnité,

92 230 532 67 Ayans en nous Chreſtienne charité,

92 278 295 57 Pour en ce conuiue

91 319 270 52 De pain & de vin,

91 359 327 46 Manger la chair viue

95 388 649 56 Du grand Roy diuin. Point ne, &c.

121 424 570 55 Freres & ſœurs vueillons haine laiſſer,

96 463 596 63 Seruans à Chriſt ſans iamais nous laſſer,

94 509 327 56 Prenons ſon exemple,

97 549 279 48 Il eſt chemin ſeur,

95 586 303 53 Et le vray exemple

95 604 642 76 De toute douceur. Point ne faut, &c.

128 657 590 60 Chriſt, le pain vif, par ce conuiue exquis

99 703 547 59 A tous croyans a le haut ciel conquis.

100 742 297 52 Et tout vray fidele,

100 779 313 56 En foy bien inſtruit,

101 823 236 45 A vie eternelle,

104 841 664 71 Ce pain le conduit. Point ne faut, &c.

133 890 580 57 O Ieſus Chriſt doux affable & humain,

110 930 586 60 Tu nous as mis hors de la force & main

105 972 294 60 Et du grief ſeruage

108 1017 285 48 De Pharaon roy,

111 1055 309 47 Dont tu es paſſage

109 1080 650 74 De nouuelle Loy. Point ne faut, &c.

662 1125 92 60 Il re¬
