892 1332
686 57 67 70 47

282 46 262 70 Spirituelles.

160 109 603 53 Il recite la grande deliurance faite par le Seigneur,

127 146 632 58 Ieſus Chriſt, en donnant ſon corps à mort cruelle pour

125 176 351 47 la redemption de noz pechez.

194 221 436 57 Our reparer le grand forfait,

191 257 405 59 Commis par deſobeiſſance,

177 296 481 64 Le Fils de Dieu mortel s’eſt fait

119 336 443 56 Et a pris humaine ſubſtance:

120 377 452 53 C’eſt vn myſtere d’excellence

118 419 386 42 A tout iamais memorial

125 452 455 52 Quil a pris humaine naiſſance

113 494 393 46 Dedans le ventre virginal.

142 532 393 48 A qui me dois ie confier,

112 569 421 51 Fors à celuy qui a puiſſance.

111 609 361 51 De deſtruire & viuifier

114 648 469 50 Toutes choſes ſans repugnance?

107 685 479 59 Ie ſerois bien fol quand i’y penſe,

106 726 466 51 D’ailleurs aſſeurer mon appuy,

106 763 466 54 Puis que luy ſeul ſans deffiance

103 804 412 48 M’eſt pere, Seigneur & ami,

138 842 423 49 Ou eut Adam ſon reconfort,

107 881 474 52 Ayant commis ſi grieue offenſe,

101 919 462 51 Dont condamné fuſt à la mort,

100 958 432 49 Et priué de toute innocence?

99 999 452 45 Raiſon ne trouua n’apparence

100 1033 447 52 D’excuſer ſon mal & ſon tort,

101 1077 457 63 Diſant pour toute contenance.

119 231 56 99 P
