892 1332
91 74 75 65 48

294 60 220 63 Chanſons

96 122 502 58 C’eſt ma femme qui m’a fait tort.

137 162 450 65 Le Seigneur Dieu ne s’arreſta,

100 207 353 51 A ſon excuſe ſi friuolle,

99 249 359 48 Ains de paradis le ietta,

96 277 461 59 Luy promettant miſericorde:

99 315 491 63 Mais que par foy à luy s’accorde,

101 366 345 45 Il obtiendra remiſſion

99 398 356 54 De ſon iniquité ſi orde:

102 438 363 57 Lors eſpera redemption

135 476 448 58 Le seigneur Dieu conſiderant

102 518 326 51 La debilité de nature,

108 552 418 56 Nous a reuelé bien ſouuent

108 589 500 60 Ses promeſſes qui ſont tant pures,

110 626 634 62 Quand les grans eaux par tout s’eſmeurent

110 674 438 49 Pour abſorber le firmament,

113 711 407 51 Du patriarche il a pris cure

112 751 418 52 Noé, & les ſiens ſeurement,

145 787 385 53 A Abraham Dieu confera

116 825 494 54 Long temps apres promeſſe telle,

116 868 425 50 En diſant que croiſtre il fera

117 902 413 55 Sur les eſtoilles ſa ſequelle.

118 945 390 51 A lacob en fit la pareille,

119 980 416 56 En eſprit par foy le voyant,

122 1017 465 58 Duquel produiroit vne eſtoille,

122 1057 450 54 Donnant ſalut à tout croyant,

149 1100 465 57 Moyſe de Dieu grand zelateur,

655 1124 100 54 Aiant
