892 1332
690 95 47 57 49

299 71 272 61 Spirituelles.

113 128 515 65 Aiant du haut Dieu cognoiſſance,

111 167 405 55 A bien reietté de ſon cœur,

112 204 416 60 D’Egypte la magnificence:

114 246 485 66 Voyant que lon faiſoit outrance

108 285 430 58 Au ſeul Seigneur & createur,

108 323 482 59 De mettre ailleurs ſa confiance,

108 362 388 60 Et le declara redempteur.

141 404 449 54 Sainct Pierre n’a point vſurpé

108 441 545 62 L’honneur qui eſt deu à ſon maiſtre.

108 480 373 55 Ains a le peuple prohibé

108 520 452 57 Publiquement le iour de feſte,

107 559 573 68 Diſant, Qu’eſt ce gens que vous faites?

111 600 416 54 Ce ne vueillez m’attribuer.

107 639 505 53 Ie ſuis homme comme vous eſtes:

106 675 458 67 Le ſeul Seigneur deuez louer.

111 743 624 65 ORAISON DV FIDELE, OP¬

173 800 526 64 poſant à ſes pechez, l’obeiſſance &

289 847 262 52 merite de Chriſt.

199 896 537 79 Ray Dieu du ciel recõfortez mõ ame,

188 954 544 61 Et la brulez de voſtre ardẽte flamme,

103 985 634 76 Puis la prenez pour eſpouſe & pour femme,

104 1024 565 68 Par voſtre Fils: vous le m’auez promis.

136 1064 496 67 Par peché eſt poure, vile, & petite,

110 1104 528 66 Qui vous, Seigneur, à la hair incite,

107 893 98 93 V

534 1154 78 52 D .i.
