892 1332
89 67 58 62 50

306 52 217 60 Chanſons

94 110 597 58 Mais regardez de Chriſt le grand merite,

99 153 491 54 Qui a prié pour tous ſes ennemis.

145 188 566 56 Las, par ſa mort elle eſt perie & morte,

99 229 463 52 Par ſa vertu reſuſcitée & forte:

103 265 626 58 Voyez que Chriſt, qui les ſiens reconforte,

100 304 632 57 Pour les ſauuer à tous maux s’eſt ſoubmis.

127 341 606 58 Ce Chriſt à fait pour nous ſi bien l’office,

104 386 628 51 Qu’en nous lauant par ſa mort de toutvice,

102 425 399 51 A ſatiſfait à diuine iuſtice,

104 454 580 64 Car vn ſeul poinct de la Loy n’a obmis.

133 498 565 57 Voyez, Seigneur, ſa grande obeiſſance,

101 533 588 56 Depuis le iour de ſon humble naiſſance

102 572 575 65 Iuſqu’à ſa mort, par ſa grande puiſſance

104 620 551 50 Sauuez à ceux que luy auez commis.

124 646 608 64 Las, c’eſt pour noꝰ qu’il a fait ceſt ouurage,

102 697 499 52 Et merité nous a voſtre heritage:

101 734 634 55 Mon ame donc par Foy prens bon courage,

102 771 522 57 En reſueillant ſes eſprits endormis.

131 804 564 59 Faites la voir en ſoy morte & confuſe,

101 845 588 57 En vous viuante, pleine de grace infuſe,

104 886 532 56 Voſtre bonté ce don point ne refuſe,

106 920 603 64 A qui pour vous de ſon cœur s’eſt demis.

131 961 524 60 Moins elle peut ſe lauer de ſa fange,

100 1001 632 59 Et il vous plaiſt la blanchir cõme vn Ange,

101 1041 551 60 Plus en aurez de gloire & de louange,

104 1081 540 63 Car en vous ſeul ſon eſpoir eſt remis.

674 1107 52 54 Ne
