892 1332
116 69 53 63 54

310 61 228 63 Chanſons

113 128 454 48 Qui ameine orgueil deceuant,

111 171 407 42 Autant en emporte le vent.

140 207 439 43 Si le monde vous vient tenter

110 244 475 47 De richeſſe, honneur, & plaiſir,

111 284 473 47 Et les vous vient tous preſenter,

112 323 420 43 Ni mettez ni cœur ni deſir:

116 362 419 45 Car ceſte choſe temporelle,

114 404 435 44 Retourne ou eſtoit parauant,

117 443 410 42 Autant en emporté le vent.

152 478 470 44 Si lon vous dit qu’en autre lieu

116 515 451 48 L’on puiſſe trouuer reconfort

118 556 489 47 Et vray ſalut, qu’en vn ſeul Dieu,

119 594 533 48 Ceſt pour mettre voſtre ame à mort,

119 634 414 46 Monſtrez vous lors rebelle,

119 671 409 47 Et dementez le plus ſauant,

120 715 417 47 Autant en emporte le vent.

249 774 346 48 Du bon & mauuais venour.

208 825 416 47 N ieune veneur demandoit

186 868 478 45 A vne femme heureuſe & ſage,

206 903 415 49 Si la chaſſe qu’il pretendoit

125 946 529 46 Pourroit trouuer, n’en quel bocage,

125 984 474 49 Et qu’il auoit bien bon courage

128 1021 398 47 De gaigner ceſte venaiſon

126 1061 423 46 Par labenr, merite, & raiſon.

128 1098 416 53 Elle luy a dit, Monſeigneur,

128 828 91 109 V

683 1135 86 44 De la
