892 1332
153 128 469 47 De la prendre il eſt bien ſaiſon,

153 170 506 45 Mais vous eſtes mauuais chaſſeur.

191 208 413 47 Elle ne ſe prend par courir,

154 250 544 50 Ne par vouloir d’homme du monde,

156 293 527 40 Ne pour tourment, ne pour mourir,

153 326 496 47 Et ſi ne faut point que lon fonde

157 364 459 45 Son ſalut, fors qu’au Createur:

162 406 459 44 Vertu peu vaut s’il n’y abonde

158 440 454 49 Par ſon Eſprit force & valeur.

161 481 437 46 Las, vous en ſeriez poſſeſſeur

159 518 418 48 Si de Dauid auiez la fonde,

157 559 504 45 Mais vous eſtes mauuais chaſſeur.

187 598 469 42 Ce que cerchez eſt dens le bois,

162 637 421 43 Ou ne va perſonne infidele,

162 671 478 46 C’eſt l’aſpre buiſſon de la croix.

161 711 515 49 Qui eſt choſe au meſchant cruelle.

156 753 519 47 Les bons veneurs la treuuent belle.

157 793 512 46 Son tourment leur eſt vray plaiſir:

163 833 364 43 Or ſi vous auiez le deſir

158 867 509 46 D’oublier tout, pour ceſt honneur,

161 904 489 46 Dutre bien ne voudriez choiſir:

166 942 503 47 Mais vous eſtes mauuais chaſſeur.

191 984 480 51 Lors quand le veneur l’entendit,

162 1028 386 41 Il mua toute contenance,

163 1064 454 45 Et comme courroucé luy dit,

168 1104 504 54 Vous parlez par grand ignorance:

301 66 262 67 Spirituelles.

756 82 43 66 55

575 1138 101 50 D .iiii.
