892 1332
103 48 64 64 56

319 45 227 60 Chanſons.

112 107 468 49 Il faut que ie deſtourne & lance

113 151 402 44 Le cerf, & que coure apres:

111 187 439 48 Et vous me dites par expres,

116 225 508 51 Qu’il ne s’acquiert pa mon labeur:

114 267 480 46 Seigneur, le cerf eſt de vous pres,

111 306 512 43 Mais vous eſtes mauuais chaſſeur.

142 343 443 46 S’il vous plaiſoit ſeoir & poſer

112 383 448 44 Deſſus le bort d’vne fontaine,

112 421 384 47 Et corps & eſprit repoſer,

109 458 493 45 Puiſant de l’eau tresviue & ſaine:

112 499 498 45 Certes ſans y prendre autre peine,

107 537 518 45 Le cerf viendroit tout droit à vous:

106 577 447 43 Et pour l’arreſter, ne faudroit

112 616 516 47 Que la rets de voſtre humble cœur,

111 656 417 47 Ou par charité ſe prendroit,

107 694 499 45 Mais vous eſtes mauuais chaſſeur.

138 733 417 46 Or, ma Dame, ie ne croy pas

111 770 525 47 Que lon acquiere ou bien ou gloire,

104 809 451 47 Sans trauailler, ne faire vn pas,

105 851 467 44 Seulement par aimer & croire.

102 890 503 40 De l’eau viue ne veux point boire,

108 922 492 52 Pour trauailler le vin vaut mieux.

95 970 461 40 La dame à dit, de terre & cieux

102 1004 428 47 Serez Seigneur & poſſeſſeur,

102 1042 431 47 Si la foy vous ouure les yeux,

99 1083 500 48 Mais vous eſtes mauuais chaſſeur.

679 1116 47 51 Le
