892 1332
706 68 57 84 57

312 56 263 71 Spirituelles.

156 118 445 52 Le cerf eſt ſi humain & doux,

137 159 492 54 Que ſi voſtre cœur voulez rendre

124 198 419 50 Par amour, viendra à vous:

131 234 514 59 En vous prenant, ſe lairra prendre:

127 278 477 50 Et alors vous pourra apprendre

129 313 478 57 De manger ſa chair & ſon ſang.

131 353 340 50 A ceſte curée par reng,

122 391 457 55 Pour eſtre remplis de douceur

133 431 466 50 Voz deſirs courront à ce blanc.

125 469 519 55 Mais vous eſtes mauuais chaſſeur.

157 509 337 47 En ceſte delicate chair

117 545 385 51 La voſtre ſera tranſmuée,

124 586 495 52 O bien heureux qui peut toucher

125 628 387 44 A ceſte grand teſte muée,

130 662 373 49 A la chair corue & huée,

125 703 460 51 Miſe à mort, roſtie pour nous,

121 743 494 48 Sur la croix pendue à trois cloux!

119 779 460 54 Helas elle eſt voſtre, ô pecheur,

117 822 520 51 Si vous croyez ces ſaincts propous.

119 861 505 52 Mais vous eſtes mauuais chaſſeur.

151 898 421 51 Le veneur entendit la game,

117 933 350 51 Et deſcouurit la poeſie:

116 973 451 57 Et ſoudain luy a dit, ma dame,

113 1012 381 51 I’abandonne ma fantaſie,

112 1046 438 58 De la Foy mon ame eſt ſaiſie,

119 1088 507 63 Qui trompe & corps me’fait caſſer,
