892 1332
144 69 51 63 58

332 61 228 64 Chanſons.

143 123 484 47 Colliers, coubles & laiſſes laiſſer,

145 164 503 49 Croyant la voix de mon Sauueur,

142 207 433 41 Autre cerf ie ne veux chaſſer,

144 244 529 48 Pour n’eſtre plus mauuais chaſſeur.

183 284 543 46 Empereurs, Rois, Princes, Seigneurs,

145 324 401 46 A vous ma parole i’adreſſe,

147 359 574 50 Vous tous piqueurs, chaſſeurs, veneurs,

144 400 440 46 Renoncez trauail & deſtreſſe,

143 436 451 48 Dont en lieu de plaiſir triſteſſe

148 479 468 47 Vous rapportez le plus ſouuent:

145 520 470 44 Las voſtre plaiſir n’eſt que vent,

145 556 487 44 Laiſſez comme moy ce malheur,

148 597 425 43 Autre ie ſuis qu’au parauant

148 633 520 47 Pour n’eſtre plus mauuais chaſſeur.

183 680 421 39 Venez veneurs, venez, venez

148 711 314 46 A la ſalutaire curée,

148 750 422 46 A laiſſer le monde apprenez,

153 786 398 50 Qui eſt de ſi courte durée.

152 828 353 41 Car charité immeſurée

150 864 475 47 De ſon tout vous fait le preſent,

151 903 458 50 Par lequel rien eſt fait plaiſant:

153 944 397 47 Rempli de diuine liqueur:

153 984 450 46 De moy, ie m’y rens à preſent,

156 1018 525 57 Pour n’eſtre plus mauuais chaſſeur.

735 1098 57 49 Du
