892 1332
706 82 63 56 59

317 71 262 65 Spirituelles.

131 139 635 54 Du fruict & efficace de la paßion de noſtre Seigneur

368 179 165 48 Ieſus Chriſt.

188 241 578 54 Vr l’arbre de la Croix d’vne voix clere

218 286 133 44 & belle,

136 321 626 48 I’ay biẽ ouy chãter vne chanſon nouuelle.

136 361 632 49 L’oiſeau ꝗ la chãtoit eſmouuoit le courage

136 402 635 46 De tout vray pelerin, disãt en doux lãgage,

133 439 589 47 Ie ſuis le Pelican qui donne ſanté & vie,

135 480 634 48 Pour faire viure ceux que ſauuer i’ay enuie.

136 518 634 49 La mort qui eux & moy penſoit ſes ſuiets

166 557 121 43 rendre,

136 592 636 51 I’ay priſe & miſe à mort, me laiſſant d’elle

172 637 143 42 prendre.

137 671 618 49 Mais eſtant en ſes lacs, n’a pas eſté ſi forte,

142 714 633 48 Que n’en ſoye eſchappé, en rendant la mort

171 759 121 40 morte.

139 788 634 54 Parquoy ſur mes enfans n’a plus nulle puiſ¬

171 831 117 44 ſance.

145 866 630 47 Qui par mort de vie ont parfaite iouiſſace,

141 906 636 46 Ou eſt tõ aiguillon, ô mort tant redoutée?

143 944 622 49 Ta puiſſance par moy de ta force eſt oſtée.

139 984 513 46 Ie ſuis la verité & la vie & la voye,

139 1024 640 49 Mort n’a plus de pouuoir en quelque part

180 1065 150 45 que ſoye.

141 1100 636 57 Les pecheurs ſeulemẽt la trouuerõt cruelle,

133 230 67 86 S
