892 1332
143 68 64 51 60

361 62 216 64 Chanſons

138 125 633 57 Mais les miens l’aimeront, & la trouueront

165 165 99 48 belle.

137 202 631 55 Par moy l’horrible mort eſt belle deuenue,

136 245 633 50 Et les portes d’enfer n’õt cõtre moy tenue.

138 284 629 48 Car au milieu d’enfer me trouue le fidele,

166 323 569 48 Qui ſuis ſon Paradis, & ſa ioye eternelle.

124 364 643 48 Mes enfans ſont en moy ſi tres vnis par

164 407 106 42 grace,

139 437 627 54 Qu’enfer, peché, ni mort, n’õt plus en eux

162 481 145 45 de place.

136 517 629 53 Adam plein de pechez i’ay mis en croix

158 559 128 41 auſtere,

126 592 562 54 Ie l’ay crucifié, en iouant ſon myſtere.

132 634 627 51 I’ay prins ce vieil Adam & ſa cõcupiſcẽce,

127 672 631 56 Lequel i’ay mis à rien, par foy & cognoiſ¬

153 712 109 46 ſance.

125 750 629 52 I’ay gouſté le morceau de mort, en patiẽce,

124 790 611 49 Nul ne le gouſtera qui ait en moy fiance.

123 830 633 48 I’ay entré en enfer, ſentant ſes douleurs for¬

156 873 69 34 tes:

119 904 637 55 Pour en tirer les miens, i’en ay rompu les

147 949 121 42 portes.

125 983 629 49 Nul ne demourra plꝰ des enfers, es limites,

122 1024 633 47 Si bien ſe fie en moy, receuant mes merites:

121 1062 630 49 Mais s’il ſe veut fier en ſon labeur & peine,

119 1103 633 49 Eſtimant mon tourment & ma paſſion vai¬

149 1144 60 42 ne,

718 1140 35 60 Il
