892 1332
686 56 77 58 61

289 52 270 67 Spirituelles.

108 116 643 50 Il cognoiſtra qu’enfer, mort, & peché, & vice

111 159 637 45 Vaincre ne pourra pas par ſa propre iuſtice:

108 196 640 45 De pechez ſe verra chargé à ſi grãd ſomme,

111 234 658 51 Qu’à la ſin pourra voir, ce que peut ſans

132 270 246 49 moy l’homme.

109 311 646 48 Mais l’homme au cœur contrit, petit, hum¬

133 351 223 48 ble & infirme,

111 387 638 52 Qui ne ſent rien de ſoy, & nul bien ne s’e¬

133 435 120 40 ſtime,

111 466 658 49 Qui tout en ma bonté ſe confie, & s’arreſte,

108 509 654 45 A luy touſiours ma main de ſecourir eſt

148 548 129 44 preſte.

108 580 641 52 Ie le mets en enfer, luy mõſtrãt ſon ordure,

107 622 646 51 Et qu’il a merité peine, & mort treſdure

110 662 658 48 Ie le mets tout à rien, luy monſtrant que

134 695 161 48 ſon eſtre

108 737 654 50 Et ſa vie ie ſuis, ſon ſeigneur, & ſon maiſtre.

107 775 656 52 Mais quand le treſpetit du tout rien ſe con¬

125 816 94 46 feſſe,

109 852 659 55 Ie le retire à moy, luy monſtrant ma pro¬

138 896 112 43 meſſe:

108 928 667 56 De ma chair, de mon ſang, luy fais preſent

138 981 150 36 encore,

108 1008 640 49 En moy le reunis, l’embraſſe & l’incorpore:

109 1050 646 49 Luy tranſformé en moytout ſon peehé im¬

134 1090 145 53 munde,
