892 1332
122 54 64 47 62

347 48 225 59 Chanſons

116 108 635 52 Rien q̃ grace ne voit, qui en ſon lieu abõde.

116 151 639 48 En moy il voit la mort ſi treſbiẽ accouſtrée

122 188 603 48 Qu’il la deſire voir comme de vie entrée.

119 226 642 54 Par moy de ſõ enfer voit les portes briſées,

120 267 572 48 La cognoit paradis, & les ioyes priſées,

119 305 634 50 Poureté, faim, & ſoif, trauail, peine, & tri¬

145 342 100 48 ſteſſe,

120 383 623 48 Trouue viuant en moy tout repos & lieſſe,

119 424 631 46 Or venez donc, Pecheurs, eſcouter ma do¬

145 460 120 46 ctrine:

115 500 637 51 Apprenez ma chanſon, pleine de diſcipline.

117 540 632 46 Ie ſuis mõté en haut, à fin que chacũ m’oye,

113 577 638 50 Et qu’eſcoutãt mõ chãt ſoyez rẽplis de ioye.

112 617 623 48 Par charité i’ay ſoif du ſalut de toute ame,

113 657 637 46 Pour la faire bruler de l’amoureuſe flãme.

116 698 635 43 Las donnez moy de l’eau de vraye amour à

149 734 107 45 boire

116 773 636 48 Au vaiſſeau de voz cœurs, par fermement

148 816 174 37 me croire.

118 851 634 48 De n’auoir fait nul bien, ne craignez ce lan

148 896 88 43 gage,

118 927 630 52 Car tout eſt conſõmé, i’aygagné l’heritage.

119 970 646 48 I’ay accomply la Loy, i’ay gagné la partie:

119 1009 631 50 Tout eſt pour vous, pecheurs, pour leſquels

143 1044 145 47 Eli crie.

117 1082 561 55 I’ay du Pere prié l’indicible clemence,

631 1127 109 45 A vous
