892 1332
693 60 42 61 63

287 52 262 64 Spiritnelles.

107 111 636 51 A vous tous ignorãs pardõner voſtre offẽſe.

106 153 633 49 I’ay pour voꝰ delaiſſé ma vie à mort amere,

105 190 641 51 Et en treſgrãd douleur ma treſaimée mere:

105 230 638 51 Pour vous monſtrer que chair, tant ſoit elle

139 272 152 36 eſtimée,

102 304 640 54 Ne doit ſinon pour Dieu & en Dieu eſtre

135 349 121 40 aimée,

102 384 638 45 Puis i’ay recõmãdé entre les mains du Pere

99 424 641 51 Mon eſprit, pour monſtrer qu’en luy faut

129 469 212 42 qu’on eſpere.

102 500 591 55 Or ay ie le ſalut de chacun fait ſi ample,

97 540 641 55 Et pour y paruenir me ſuis mis pour exẽple

103 582 646 51 Venez venez treſtous chargez outre me¬

131 613 89 49 ſure,

96 659 655 50 De labeurs & trauaux, voyez ma peine dure.

100 699 632 53 Voyez ma croix, mes cloux, mes douleurs

121 742 190 40 non petites,

94 775 636 53 Mon cœur d’amour ouuert & treſtous mes

129 814 141 40 merites.

97 851 634 56 Tous ſes biens ſont à vous, par grace ie les

128 890 123 42 donne.

93 927 639 56 A qui par ferme Foy tout à moy s’abãdõne.

96 970 634 54 Venez embraſſez moy, mon troupeau, mon

131 1003 114 50 Egliſe,

91 1041 636 60 Mes eleus humbles & doux, deſquels fais à

118 1084 158 50 ma guiſe.
