892 1332
99 78 63 54 68

318 69 224 57 Chanſons.

93 133 479 51 Refaites moy homme nouueau,

93 169 451 53 Et que ie puiſſe en voſtre table

94 208 483 53 Manger la chair du tendre veau,

95 249 444 54 Qui moy laid fera venir beau,

94 287 381 51 Par mutation admirable.

121 326 413 53 Si mon frere qui eſt dehors,

94 364 430 54 Oyant la muſique & accords

93 401 452 54 Du feſtin de paix & concorde:

94 444 413 50 Se confiant en ſes bras forts,

93 483 477 49 Murmure & ſe courrouce alors,

93 520 443 52 De voſtre grand miſericorde,

124 557 434 54 Laiſſez le louer ſes bienſfaits:

93 597 519 54 Mais moy quivoy les miens infets,

94 641 416 49 Et que par bonté paternelle

88 674 420 54 M’auez tiré deſſous ce faix,

94 717 436 49 Auec tous les ſaincts parfaits:

92 756 483 50 Ie vous en rends gloire eternelle.

165 819 521 57 Chanſon de l'orgueil de l'homme, & bonté

290 862 246 43 de Dieu enuers luy.

152 899 517 56 Ar faux cuyder i’ay bien eſté deceu,

148 940 586 59 Lequel m’a fait ignorer mon vray eſtre,

99 984 612 48 Voire mon rien ſi treſfort meſcognoiſtre,

99 1023 570 52 Que tard me ſuis de ſon mal apperceu.

126 1061 507 49 Il m’a tenu ſi fort fermez les yeux,

100 1104 560 57 Que ie ne puis voir mon ame viuante:

92 902 68 93 P

694 1133 31 66 Ie
