892 1332
737 56 55 74 69

334 57 265 65 Spirituelles.

152 118 541 47 Ie l’eſtimois ſi treſ belle & plaiſante,

155 161 602 46 Que pour l’aimer i’en oubliois les cieux.

181 200 525 45 De l’vnion de ceſte ame & du corps

150 241 506 43 Penſois tenir entierement ma vie,

153 280 562 45 Que confermer i’auois parfaite enuie,

150 315 551 50 Ne voyant pas qui ma vie eſtoit lors.

185 355 533 48 Las, qui vous a contraint en chariré

148 392 538 47 D’illuminer l’aueugle de naiſſance,

148 432 544 51 Et luy donner parfaite cognoiſſance,

151 470 464 50 Que c’eſt de luy, & de la verité?

177 509 606 51 Quelle bõté, Seigneur, noꝰ mõſtrezvous,

147 549 637 48 Nous declarant ainſi qu’vn corps ſans ame?

143 589 615 46 Noſtre ame meurt, ſans la diuine flamme

145 630 513 45 De voſtre feu, qui la vie eſt de tous.

178 664 478 48 Voꝰ eſtes dõc la vie d’vn chacũ,

144 705 642 52 Mais ſans vous morts, & moins q̃ poudre &

669 658 115 55 (cẽdre,

143 749 601 44 Et vous en nous par grace voulez rendre

146 785 550 47 Ce qui n’eſt rien, eſtre fait tout en vn.

174 825 565 47 En nous faiſant cognoiſtre noſtre rien

145 865 607 48 Et voſtre tout, par grace & par puiſſance:

146 902 546 48 Nous renonçant, auons la iouiſſance

145 939 625 51 De vous, Seigneur, ſeul bon & le ſeul bien.

170 981 556 49 Dont ſeul aimé ſoyez ſans ſi ne mais,

147 1022 437 42 Seul adoré de toute creature,

145 1059 456 45 Par viue foy & de charité pure

146 1100 537 58 Loué ſans fin de nous, à tout iamais,

564 1136 88 45 E .iii.
