892 1332
731 42 52 47 71

304 40 265 71 Spirituelles.

155 91 633 69 Hé, laiſſez la dormir. Hé, laiſſez la dormir.

186 144 433 52 Or taiſez vous criart monde,

158 184 346 50 Qui touſiours taſchez

153 219 460 54 De rendre mon ame immunde,

158 264 300 46 Car vous la faſchez:

156 301 322 48 Ne luy offre à choiſir

156 334 413 55 Plaiſir, honneur, ni richeſſe,

156 376 419 50 Pleine elle eſt d’autre lieſſe:

156 409 627 61 Hé, laiſſez la dormir: Hé, laiſſez la dormir.

187 453 425 56 Petit dieu, qui par tout vole,

162 498 317 48 Te diſant vainqueur,

157 536 316 47 Finez ci voſtre rolle,

158 576 317 47 Rien n’auez au cœur

162 611 331 52 Qui la fin de ſon deſir

163 651 440 47 Tourne à contempler la face,

164 688 483 52 Que par foy mon ame embraſſe.

160 722 635 59 Hé, laiſſez la dormir: Hé, laiſſez la dormir.

195 768 464 51 Maugré tout bruit & tonnerre

161 811 220 45 Elle dormira,

162 848 379 51 Et au milieu de la guerre

164 891 199 42 Se reſiouira,

162 920 396 54 Sans plus ſentir deſplaiſir:

162 965 387 47 Mais ſous la diuine tente,

165 1010 385 39 Repoſe ſeure & contente.

159 1034 639 63 Hé, laiſſez la dormir: Hé, laiſſez la dormir.

575 1078 99 48 E .iiii.
