892 1332
226 124 376 55 PRIERE A DIEV.

209 194 361 56 QVI la machine ronde

183 242 364 44 Par ta parole maintiens,

105 279 456 49 Seigneur en qui grace abonde,

106 318 466 44 Conte moy touſiours des tiens.

104 353 349 51 Illumine, guide, pouſſe

104 392 533 49 Mon cœur, ma voix, & mon pouſſe:

105 435 383 46 A penſer, chanter, ſonner,

105 472 429 49 Hymnes, qui deuant ta face,

105 511 473 50 Puiſſent trouuer quelque grace,

108 550 392 50 S’il te plaiſt me la donner.

241 594 157 45 AVTRE.

179 629 490 46 Grand bonte, ô puiſſance infinie,

181 666 479 44 Ie te ſuppli' de me faire la grace,

109 708 533 47 Que ta parole à mon cœur ſoit vnie

103 746 557 48 Auecques foy, qui tous pechez efface.

111 785 611 46 Car quand ie vien m’offrir deuant ta face,

107 825 559 46 Pour demander pardon entierement,

108 863 590 49 Sans foy ne puis profiter, quoy que face:

108 901 546 54 Car c’eſt le but de noſtre ſauuement.

114 186 69 92 O

108 614 65 106 O

624 1001 119 70 PARA¬
