<?xml version="1.0" encoding="UTF-8"?>
<alto xmlns:xsi="http://www.w3.org/2001/XMLSchema-instance"
      xmlns="http://www.loc.gov/standards/alto/ns-v4#"
      xsi:schemaLocation="http://www.loc.gov/standards/alto/ns-v4# http://www.loc.gov/standards/alto/v4/alto-4-2.xsd">
  <Description>
    <MeasurementUnit>pixel</MeasurementUnit>
    <sourceImageInformation>
      <fileName>86_1fd1b_default.jpg</fileName>
      <fileIdentifier>https://www.e-rara.ch/i3f/v20/12575397/full/full/0/default.jpg</fileIdentifier>
    </sourceImageInformation>
  </Description>
  <Tags>
    <OtherTag ID="BT7" LABEL="CustomZone" DESCRIPTION="block type CustomZone"/><OtherTag ID="BT8" LABEL="DamageZone" DESCRIPTION="block type DamageZone"/><OtherTag ID="BT9" LABEL="DigitizationArtefactZone" DESCRIPTION="block type DigitizationArtefactZone"/><OtherTag ID="BT10" LABEL="DropCapitalZone" DESCRIPTION="block type DropCapitalZone"/><OtherTag ID="BT11" LABEL="GraphicZone" DESCRIPTION="block type GraphicZone"/><OtherTag ID="BT12" LABEL="MainZone" DESCRIPTION="block type MainZone"/><OtherTag ID="BT13" LABEL="MarginTextZone" DESCRIPTION="block type MarginTextZone"/><OtherTag ID="BT14" LABEL="MusicZone" DESCRIPTION="block type MusicZone"/><OtherTag ID="BT15" LABEL="NumberingZone" DESCRIPTION="block type NumberingZone"/><OtherTag ID="BT17" LABEL="QuireMarksZone" DESCRIPTION="block type QuireMarksZone"/><OtherTag ID="BT18" LABEL="RunningTitleZone" DESCRIPTION="block type RunningTitleZone"/><OtherTag ID="BT19" LABEL="SealZone" DESCRIPTION="block type SealZone"/><OtherTag ID="BT20" LABEL="StampZone" DESCRIPTION="block type StampZone"/><OtherTag ID="BT21" LABEL="TableZone" DESCRIPTION="block type TableZone"/><OtherTag ID="BT22" LABEL="TitlePageZone" DESCRIPTION="block type TitlePageZone"/>
    <OtherTag ID="LT7" LABEL="CustomLine" DESCRIPTION="line type CustomLine"/><OtherTag ID="LT8" LABEL="DefaultLine" DESCRIPTION="line type DefaultLine"/><OtherTag ID="LT9" LABEL="DropCapitalLine" DESCRIPTION="line type DropCapitalLine"/><OtherTag ID="LT10" LABEL="HeadingLine" DESCRIPTION="line type HeadingLine"/><OtherTag ID="LT11" LABEL="InterlinearLine" DESCRIPTION="line type InterlinearLine"/><OtherTag ID="LT12" LABEL="MusicLine" DESCRIPTION="line type MusicLine"/><OtherTag ID="LT1244" LABEL="default" DESCRIPTION="line type default"/>
  </Tags>
  <Layout>
    <Page WIDTH="892"
          HEIGHT="1332"
          PHYSICAL_IMG_NR="86"
          ID="eSc_dummypage_">
      <PrintSpace HPOS="0"
                  VPOS="0"
                  WIDTH="892"
                  HEIGHT="1332">
        <TextBlock HPOS="682"
                   VPOS="78"
                   WIDTH="91"
                   HEIGHT="72"
                   ID="eSc_textblock_a8cffe14"
                   TAGREFS="BT15">
          <Shape><Polygon POINTS="682 78 682 150 773 150 773 78"/></Shape>
          <TextLine ID="eSc_line_a7318bbf"
                    TAGREFS="LT8"
                    BASELINE="693 129 747 129" 
                    HPOS="692"
                    VPOS="83"
                    WIDTH="54"
                    HEIGHT="73">
            <Shape><Polygon POINTS="692 128 693 149 709 144 723 155 724 155 725 155 726 156 746 156 746 128 746 89 713 83 712 83 710 83 692 87 692 128"/></Shape>
            <String CONTENT="83"
                    HPOS="692"
                    VPOS="83"
                    WIDTH="54"
                    HEIGHT="73"
                    WC="0.9992317855358124"></String>
          </TextLine>
        </TextBlock>
        <TextBlock HPOS="272"
                   VPOS="67"
                   WIDTH="301"
                   HEIGHT="87"
                   ID="eSc_textblock_b5b2a37b"
                   TAGREFS="BT18">
          <Shape><Polygon POINTS="272 67 272 154 573 154 573 67"/></Shape>
          <TextLine ID="eSc_line_ef42ea07"
                    TAGREFS="LT10"
                    BASELINE="292 126 558 129" 
                    HPOS="291"
                    VPOS="82"
                    WIDTH="267"
                    HEIGHT="65">
            <Shape><Polygon POINTS="292 126 291 140 308 146 309 146 310 147 346 147 346 146 347 146 364 135 382 139 383 139 384 139 393 135 403 143 404 143 405 143 443 135 479 141 480 141 481 141 489 138 507 145 508 145 509 145 524 137 556 139 558 129 558 97 544 92 543 92 542 92 541 92 541 93 536 98 515 98 503 85 502 85 501 85 491 84 490 84 458 86 457 86 438 96 403 91 402 91 401 91 392 96 359 96 322 82 321 82 293 85 292 88"/></Shape>
            <String CONTENT="Spiritnelles."
                    HPOS="291"
                    VPOS="82"
                    WIDTH="267"
                    HEIGHT="65"
                    WC="0.9790813326835632"></String>
          </TextLine>
        </TextBlock>
        <TextBlock HPOS="86"
                   VPOS="135"
                   WIDTH="604"
                   HEIGHT="1031"
                   ID="eSc_textblock_2500ee0c"
                   TAGREFS="BT12">
          <Shape><Polygon POINTS="95 135 86 1166 687 1166 690 146"/></Shape>
          <TextLine ID="eSc_line_3a088d5b"
                    TAGREFS="LT8"
                    BASELINE="122 176 620 180" 
                    HPOS="122"
                    VPOS="142"
                    WIDTH="498"
                    HEIGHT="50">
            <Shape><Polygon POINTS="122 176 122 186 126 189 127 189 128 189 128 189 173 185 222 190 223 190 313 185 344 190 345 190 463 187 473 191 473 191 474 191 507 187 539 192 540 192 619 187 620 180 620 156 598 156 578 145 578 145 577 145 564 146 563 146 562 146 552 155 521 156 502 152 501 152 474 154 468 150 467 150 467 150 466 150 439 155 367 155 359 150 358 150 357 150 322 154 302 152 290 142 289 142 288 142 122 142 122 176"/></Shape>
            <String CONTENT="Qui brule le cœur comme vn feu."
                    HPOS="122"
                    VPOS="142"
                    WIDTH="498"
                    HEIGHT="50"
                    WC="0.9970365666574047"></String>
          </TextLine>
          <TextLine ID="eSc_line_66c5acc6"
                    TAGREFS="LT10"
                    BASELINE="207 214 337 216" 
                    HPOS="206"
                    VPOS="184"
                    WIDTH="131"
                    HEIGHT="43">
            <Shape><Polygon POINTS="206 224 336 227 337 216 336 194 298 194 273 184 272 184 271 184 207 188 207 214"/></Shape>
            <String CONTENT="A Dieu,"
                    HPOS="206"
                    VPOS="184"
                    WIDTH="131"
                    HEIGHT="43"
                    WC="0.999968443598066"></String>
          </TextLine>
          <TextLine ID="eSc_line_73e5de80"
                    TAGREFS="LT8"
                    BASELINE="142 250 617 257" 
                    HPOS="142"
                    VPOS="218"
                    WIDTH="478"
                    HEIGHT="55">
            <Shape><Polygon POINTS="142 262 194 260 250 268 353 270 354 270 408 268 409 268 421 264 438 269 439 269 467 264 515 264 521 270 522 270 523 270 524 270 561 265 585 273 586 273 587 273 588 273 595 268 615 273 617 257 616 233 620 233 565 223 564 223 512 222 511 222 485 223 484 223 484 224 475 230 427 230 414 222 413 222 412 222 375 229 342 222 341 222 309 228 286 221 285 221 284 221 234 225 189 220 188 220 187 220 179 225 165 218 164 218 163 218 162 218 153 225 142 225 142 250"/></Shape>
            <String CONTENT="A Dieu pour tout iamais, à dieu,"
                    HPOS="142"
                    VPOS="218"
                    WIDTH="478"
                    HEIGHT="55"
                    WC="0.9767755143570177"></String>
          </TextLine>
          <TextLine ID="eSc_line_cda40011"
                    TAGREFS="LT8"
                    BASELINE="131 290 595 297" 
                    HPOS="131"
                    VPOS="261"
                    WIDTH="464"
                    HEIGHT="49">
            <Shape><Polygon POINTS="131 290 131 298 148 305 148 305 149 305 182 299 234 307 235 307 260 307 260 307 261 307 274 301 279 306 279 307 280 307 281 307 282 307 335 301 358 307 359 307 359 307 360 307 381 302 396 309 397 309 444 310 445 310 484 304 511 308 512 308 512 308 513 308 518 304 535 309 536 309 537 309 594 308 595 297 594 270 569 274 539 274 527 268 526 268 525 268 524 268 510 273 480 266 479 266 478 266 478 266 477 266 465 273 449 273 427 265 426 265 425 265 424 265 409 273 389 273 341 264 341 264 340 264 339 264 331 270 309 267 308 267 307 267 297 270 236 270 221 262 220 262 179 261 143 261 142 261 142 261 141 261 131 267 131 290"/></Shape>
            <String CONTENT="A Dieu, ie ne veux plus de vous,"
                    HPOS="131"
                    VPOS="261"
                    WIDTH="464"
                    HEIGHT="49"
                    WC="0.9938666503876448"></String>
          </TextLine>
          <TextLine ID="eSc_line_61cdd50c"
                    TAGREFS="LT8"
                    BASELINE="116 328 555 335" 
                    HPOS="116"
                    VPOS="298"
                    WIDTH="439"
                    HEIGHT="48">
            <Shape><Polygon POINTS="116 328 116 340 553 346 555 335 555 314 533 313 525 306 525 305 524 305 524 305 523 305 522 305 509 312 424 312 416 307 416 307 415 307 414 307 407 310 392 306 391 306 390 306 359 310 331 310 310 301 310 301 309 301 282 305 262 300 261 300 260 300 224 301 223 301 222 301 219 304 208 301 207 301 206 301 179 307 165 298 165 298 164 298 116 298 116 328"/></Shape>
            <String CONTENT="N’autre plaiſir ne veux auoir,"
                    HPOS="116"
                    VPOS="298"
                    WIDTH="439"
                    HEIGHT="48"
                    WC="0.993322491645813"></String>
          </TextLine>
          <TextLine ID="eSc_line_955d0817"
                    TAGREFS="LT8"
                    BASELINE="121 367 561 373" 
                    HPOS="120"
                    VPOS="336"
                    WIDTH="441"
                    HEIGHT="51">
            <Shape><Polygon POINTS="121 367 120 381 183 383 184 383 185 383 203 377 236 384 237 384 238 384 249 378 270 381 271 381 333 378 358 385 359 385 359 385 360 385 361 385 367 379 379 384 379 384 380 384 381 384 396 379 449 379 464 387 464 387 465 387 493 381 505 387 506 387 507 387 539 381 558 387 561 373 560 345 514 349 474 341 437 340 436 340 436 340 407 347 373 342 373 342 350 347 343 341 343 340 342 340 341 340 322 338 322 338 321 338 320 338 320 339 313 347 299 347 282 338 281 338 280 338 279 338 279 338 268 346 244 346 229 338 228 338 205 337 204 337 203 337 202 337 192 345 177 345 144 336 143 336 142 336 121 336 121 367"/></Shape>
            <String CONTENT="Que l’vnion de mon Eſpoux,"
                    HPOS="120"
                    VPOS="336"
                    WIDTH="441"
                    HEIGHT="51"
                    WC="0.984046459197998"></String>
          </TextLine>
          <TextLine ID="eSc_line_f12e90d6"
                    TAGREFS="LT8"
                    BASELINE="114 407 604 413" 
                    HPOS="113"
                    VPOS="378"
                    WIDTH="491"
                    HEIGHT="47">
            <Shape><Polygon POINTS="114 407 113 414 237 421 238 421 263 416 284 421 284 421 285 421 347 418 386 422 387 422 387 422 396 418 401 423 401 423 402 423 403 423 404 423 413 418 457 418 467 424 467 424 468 424 469 424 484 419 519 423 520 423 548 420 602 425 604 413 603 391 563 390 558 385 558 384 557 384 556 384 555 384 534 387 521 383 521 383 520 383 477 388 446 384 445 384 400 387 376 381 376 381 375 381 374 381 353 386 330 380 330 380 329 380 296 384 276 379 276 379 275 379 223 385 218 381 217 381 216 381 216 381 168 384 148 378 147 378 122 378 122 378 121 378 120 378 114 382 114 407"/></Shape>
            <String CONTENT="Car mon honneur &amp; mon auoir,"
                    HPOS="113"
                    VPOS="378"
                    WIDTH="491"
                    HEIGHT="47"
                    WC="0.9987892806529999"></String>
          </TextLine>
          <TextLine ID="eSc_line_a52b2c29"
                    TAGREFS="LT8"
                    BASELINE="115 445 601 452" 
                    HPOS="114"
                    VPOS="415"
                    WIDTH="487"
                    HEIGHT="51">
            <Shape><Polygon POINTS="115 445 114 452 162 454 167 459 168 459 168 459 169 460 236 460 236 459 258 455 280 461 281 461 282 461 317 456 332 461 333 461 333 461 378 457 384 461 384 462 384 462 385 462 386 462 411 458 424 463 424 463 425 463 446 459 517 463 518 463 552 459 570 465 571 465 572 466 601 466 601 452 601 429 585 429 574 422 573 422 572 422 572 422 518 428 505 421 504 421 504 421 471 421 470 421 470 421 456 426 404 421 403 421 367 426 303 421 302 421 285 424 276 418 276 418 275 418 260 417 259 417 259 417 258 417 246 424 215 424 197 424 188 416 187 416 186 416 185 416 162 420 157 415 156 415 156 415 115 415 115 445"/></Shape>
            <String CONTENT="C’eſt par foy mon tout receuoir,"
                    HPOS="114"
                    VPOS="415"
                    WIDTH="487"
                    HEIGHT="51"
                    WC="0.9785049799829721"></String>
          </TextLine>
          <TextLine ID="eSc_line_11cdea3f"
                    TAGREFS="LT8"
                    BASELINE="118 485 586 489" 
                    HPOS="117"
                    VPOS="454"
                    WIDTH="469"
                    HEIGHT="52">
            <Shape><Polygon POINTS="117 495 132 502 133 502 133 502 273 495 314 498 315 498 345 495 352 500 352 501 353 501 353 501 354 501 386 500 393 504 394 504 395 504 396 504 424 500 430 504 430 505 431 505 432 505 433 506 456 506 456 505 457 505 458 505 458 504 463 500 477 503 478 503 478 503 479 503 480 503 487 499 507 506 508 506 509 506 535 506 535 506 535 506 550 498 571 504 572 504 572 504 573 504 585 499 586 489 585 465 563 460 562 460 561 460 561 460 553 465 521 465 493 457 493 457 492 457 491 457 473 463 455 458 454 458 453 458 453 458 433 463 381 463 373 456 373 456 372 456 352 455 301 455 300 455 299 455 299 455 299 456 293 461 282 457 282 457 281 457 280 457 262 461 246 455 245 455 245 455 244 455 243 455 234 462 200 462 189 456 188 456 188 456 152 458 140 454 139 454 139 454 138 454 125 458 119 454 118 485 117 495"/></Shape>
            <String CONTENT="Que ne dois laiſſer pour le peu."
                    HPOS="117"
                    VPOS="454"
                    WIDTH="469"
                    HEIGHT="52"
                    WC="0.9726812317967415"></String>
          </TextLine>
          <TextLine ID="eSc_line_36017a58"
                    TAGREFS="LT10"
                    BASELINE="196 525 331 526" 
                    HPOS="195"
                    VPOS="496"
                    WIDTH="136"
                    HEIGHT="40">
            <Shape><Polygon POINTS="195 531 210 536 211 536 330 532 331 526 330 503 307 503 297 497 296 497 295 497 294 497 293 497 286 503 266 503 259 497 259 496 258 496 257 496 216 496 215 496 214 496 213 496 203 503 196 503 196 525"/></Shape>
            <String CONTENT="A Dieu."
                    HPOS="195"
                    VPOS="496"
                    WIDTH="136"
                    HEIGHT="40"
                    WC="0.9999782017299107"></String>
          </TextLine>
          <TextLine ID="eSc_line_9b6bc00a"
                    TAGREFS="LT8"
                    BASELINE="137 563 384 564 615 572" 
                    HPOS="136"
                    VPOS="529"
                    WIDTH="479"
                    HEIGHT="54">
            <Shape><Polygon POINTS="614 540 524 535 523 535 522 535 521 535 510 545 501 545 484 535 484 535 483 535 482 535 481 535 472 543 460 539 459 539 458 539 458 539 457 539 452 543 411 533 410 533 410 533 409 533 390 541 376 536 376 536 375 536 374 536 359 540 333 537 333 537 332 537 322 540 308 535 307 535 307 535 306 535 288 540 245 536 244 536 208 539 193 529 193 529 192 529 181 529 180 529 179 529 179 529 170 537 162 531 161 531 160 531 159 531 159 531 137 537 137 563 136 570 207 576 208 576 234 571 259 577 259 577 260 577 278 577 278 577 279 577 279 577 286 572 302 575 302 575 303 575 321 572 333 578 334 578 335 578 360 573 408 573 413 577 413 577 414 577 415 577 439 574 465 580 466 580 491 576 508 581 509 581 510 581 557 577 614 583 615 572 615 543 614 540"/></Shape>
            <String CONTENT="A Dieu pour tout iamais, à dieu,"
                    HPOS="136"
                    VPOS="529"
                    WIDTH="479"
                    HEIGHT="54"
                    WC="0.9923282500469324"></String>
          </TextLine>
          <TextLine ID="eSc_line_fc5071a7"
                    TAGREFS="LT8"
                    BASELINE="109 600 531 606" 
                    HPOS="108"
                    VPOS="569"
                    WIDTH="423"
                    HEIGHT="52">
            <Shape><Polygon POINTS="109 600 108 608 138 613 139 613 139 613 153 609 159 614 159 614 160 614 161 614 162 614 162 614 169 610 205 611 222 617 223 617 224 617 265 611 276 618 277 618 278 618 279 619 301 619 301 618 302 618 320 611 418 614 441 620 442 620 487 621 488 621 489 621 490 621 490 620 495 616 505 621 506 621 507 621 530 619 531 606 531 584 495 583 490 578 489 578 488 578 487 578 461 582 438 575 438 575 437 575 406 580 398 574 398 573 398 573 397 573 357 572 356 572 319 578 290 574 289 574 288 574 270 580 235 576 234 576 163 578 149 569 148 569 148 569 109 569 109 600"/></Shape>
            <String CONTENT="L’ame qui gouſte le repous,"
                    HPOS="108"
                    VPOS="569"
                    WIDTH="423"
                    HEIGHT="52"
                    WC="0.9878288330855193"></String>
          </TextLine>
          <TextLine ID="eSc_line_db0b0fd9"
                    TAGREFS="LT8"
                    BASELINE="112 640 567 646" 
                    HPOS="111"
                    VPOS="609"
                    WIDTH="456"
                    HEIGHT="49">
            <Shape><Polygon POINTS="112 640 111 650 121 654 122 654 122 654 154 650 168 654 168 654 169 654 201 651 212 654 213 654 213 654 214 654 229 650 261 654 262 654 262 654 277 650 295 654 296 654 327 651 365 655 366 655 436 652 453 658 453 658 454 658 567 657 567 646 566 620 557 623 468 623 452 623 443 614 443 613 442 613 441 613 388 612 387 612 387 612 386 612 374 621 354 614 353 614 353 614 352 614 340 621 322 621 310 611 310 611 309 611 308 611 307 611 284 617 274 611 273 611 273 611 272 611 271 611 256 620 246 611 245 611 245 611 244 611 204 615 199 611 199 610 198 610 197 610 196 610 196 610 171 619 145 619 132 609 131 609 131 609 130 609 112 610 112 640"/></Shape>
            <String CONTENT="Le plaiſir, le bien, &amp; l’honneur"
                    HPOS="111"
                    VPOS="609"
                    WIDTH="456"
                    HEIGHT="49"
                    WC="0.9825596865266562"></String>
          </TextLine>
          <TextLine ID="eSc_line_d7432539"
                    TAGREFS="LT8"
                    BASELINE="111 680 611 687" 
                    HPOS="111"
                    VPOS="649"
                    WIDTH="500"
                    HEIGHT="51">
            <Shape><Polygon POINTS="608 664 547 663 538 655 537 655 536 655 535 655 473 656 472 656 460 662 450 657 450 657 449 657 448 657 447 657 442 661 434 654 433 654 433 654 432 654 431 654 416 658 410 653 409 653 408 653 407 653 377 660 350 653 350 653 349 653 348 653 347 653 336 660 310 655 309 655 308 655 307 655 301 660 261 660 241 658 233 651 233 651 233 651 232 651 231 651 165 657 148 649 147 649 111 649 111 680 111 691 136 688 201 694 202 694 226 689 237 694 238 694 239 694 308 691 312 695 313 695 313 696 313 696 314 696 315 697 338 697 338 696 339 696 339 696 339 695 345 691 410 691 421 697 422 697 423 697 509 693 528 699 529 699 530 700 603 700 603 699 604 699 604 699 610 694 611 687 611 668 608 664"/></Shape>
            <String CONTENT="D’auoir pour pere &amp; pour eſpoux"
                    HPOS="111"
                    VPOS="649"
                    WIDTH="500"
                    HEIGHT="51"
                    WC="0.9707736507538827"></String>
          </TextLine>
          <TextLine ID="eSc_line_7267e061"
                    TAGREFS="LT8"
                    BASELINE="110 717 439 722 669 731" 
                    HPOS="109"
                    VPOS="686"
                    WIDTH="560"
                    HEIGHT="59">
            <Shape><Polygon POINTS="665 706 659 704 601 704 589 699 588 699 587 699 572 700 566 695 565 695 564 695 564 695 563 695 556 698 530 694 530 694 529 694 510 700 490 692 489 692 488 692 453 696 441 693 441 693 440 693 439 693 430 697 413 691 412 691 340 689 339 689 339 689 321 697 302 697 282 688 282 688 268 688 267 688 267 688 266 688 255 696 227 696 216 686 215 686 214 686 194 686 193 686 193 686 177 694 110 688 110 717 109 728 270 736 271 737 296 737 296 736 297 736 298 736 307 729 333 733 334 733 335 733 342 730 352 736 353 736 353 736 354 736 355 736 376 731 400 735 401 735 424 731 530 733 541 742 542 742 543 742 617 742 618 742 618 742 629 739 642 744 643 744 644 745 668 745 669 731 669 708 665 706"/></Shape>
            <String CONTENT="Son Dieu, ſon Chriſt, &amp; ſon Seigneur,"
                    HPOS="109"
                    VPOS="686"
                    WIDTH="560"
                    HEIGHT="59"
                    WC="0.9702194026998572"></String>
          </TextLine>
          <TextLine ID="eSc_line_1d944585"
                    TAGREFS="LT8"
                    BASELINE="108 757 592 765" 
                    HPOS="108"
                    VPOS="725"
                    WIDTH="484"
                    HEIGHT="52">
            <Shape><Polygon POINTS="108 757 108 765 188 771 189 771 190 771 190 771 196 765 210 771 211 771 212 771 256 767 264 772 265 772 265 772 266 772 293 768 303 773 304 773 304 773 305 773 319 769 355 773 356 773 401 769 418 775 419 775 420 776 433 776 433 775 434 775 435 775 435 774 441 770 469 774 470 774 534 771 548 777 549 777 591 777 592 765 592 742 543 737 542 737 508 741 499 734 498 734 498 734 497 734 496 734 495 734 490 739 475 739 460 731 459 731 416 730 415 730 330 738 310 728 310 728 309 728 308 728 290 733 282 730 282 730 281 730 280 730 279 730 268 737 162 736 141 725 140 725 108 725 108 757"/></Shape>
            <String CONTENT="Meurt, en Adam, &amp; de bon cœur"
                    HPOS="108"
                    VPOS="725"
                    WIDTH="484"
                    HEIGHT="52"
                    WC="0.9965477441919262"></String>
          </TextLine>
          <TextLine ID="eSc_line_b93f3e9b"
                    TAGREFS="LT8"
                    BASELINE="109 797 570 802" 
                    HPOS="108"
                    VPOS="765"
                    WIDTH="462"
                    HEIGHT="51">
            <Shape><Polygon POINTS="109 797 108 808 175 814 176 814 292 807 383 813 384 813 384 813 397 808 438 816 439 816 440 816 462 811 532 815 532 815 533 815 534 815 542 811 569 811 570 802 569 777 540 777 529 771 528 771 527 771 509 771 508 771 507 771 507 771 498 777 450 777 437 771 436 771 436 771 435 771 434 771 427 777 373 777 347 768 347 768 324 768 324 768 323 768 310 775 291 768 290 768 290 768 250 774 242 768 242 767 242 767 241 767 240 767 239 767 239 767 227 774 216 774 208 767 208 767 207 767 206 767 158 773 109 765 109 797"/></Shape>
            <String CONTENT="Luy dit, le chaſſant en tout lieu"
                    HPOS="108"
                    VPOS="765"
                    WIDTH="462"
                    HEIGHT="51"
                    WC="0.9970996795278607"></String>
          </TextLine>
          <TextLine ID="eSc_line_62131eff"
                    TAGREFS="LT10"
                    BASELINE="196 836 331 838" 
                    HPOS="195"
                    VPOS="805"
                    WIDTH="136"
                    HEIGHT="43">
            <Shape><Polygon POINTS="195 845 236 843 241 847 241 848 242 848 243 848 261 845 309 848 310 848 330 844 331 838 331 814 307 814 287 805 286 805 285 805 236 807 235 807 234 807 229 811 219 805 218 805 217 805 216 805 205 810 196 808 196 836"/></Shape>
            <String CONTENT="A Dieu."
                    HPOS="195"
                    VPOS="805"
                    WIDTH="136"
                    HEIGHT="43"
                    WC="0.9999572804995945"></String>
          </TextLine>
          <TextLine ID="eSc_line_fd2e20e2"
                    TAGREFS="LT8"
                    BASELINE="158 876 413 878 638 885" 
                    HPOS="157"
                    VPOS="842"
                    WIDTH="481"
                    HEIGHT="54">
            <Shape><Polygon POINTS="158 876 157 888 199 885 210 889 211 889 212 889 213 889 213 889 219 884 241 890 242 890 242 890 243 890 257 884 268 890 269 890 270 890 270 891 294 891 294 890 295 890 296 890 303 885 427 886 452 893 453 893 453 893 484 888 492 894 493 894 493 894 494 894 495 894 507 891 555 895 555 895 578 890 636 896 638 885 637 860 609 853 609 853 608 853 600 856 590 850 589 850 589 850 553 849 532 849 531 849 530 849 519 855 510 848 510 848 509 848 508 848 507 848 507 848 496 856 486 853 485 853 484 853 463 855 454 849 453 849 453 849 452 849 451 849 441 853 433 848 433 848 432 848 431 848 430 848 408 855 385 849 384 849 384 849 354 854 344 847 344 847 343 847 342 847 302 853 241 851 225 844 225 844 224 844 205 848 199 844 199 843 198 843 197 843 177 842 176 842 176 842 158 850 158 876"/></Shape>
            <String CONTENT="A Dieu, pour tout iamais, à dieu,"
                    HPOS="157"
                    VPOS="842"
                    WIDTH="481"
                    HEIGHT="54"
                    WC="0.9760227816946366"></String>
          </TextLine>
          <TextLine ID="eSc_line_acb5117b"
                    TAGREFS="LT8"
                    BASELINE="107 915 503 918" 
                    HPOS="106"
                    VPOS="884"
                    WIDTH="397"
                    HEIGHT="45">
            <Shape><Polygon POINTS="107 885 107 915 106 922 176 925 176 925 199 922 214 927 215 927 216 927 278 922 345 927 346 927 347 927 359 923 364 927 364 927 365 927 366 927 403 923 429 928 430 929 486 929 486 928 487 928 502 923 503 918 502 896 432 896 427 891 427 891 426 891 425 891 374 894 359 885 359 885 358 885 339 885 338 885 337 885 336 885 328 892 302 889 302 889 272 893 243 886 242 886 242 886 241 886 240 886 233 890 203 890 196 884 196 884 195 884 156 884 155 884 154 884 153 884 145 891 135 884 134 884 133 884 133 884 107 884 107 885"/></Shape>
            <String CONTENT="A Dieu, ne penſez reuenir"
                    HPOS="106"
                    VPOS="884"
                    WIDTH="397"
                    HEIGHT="45"
                    WC="0.9820609593391418"></String>
          </TextLine>
          <TextLine ID="eSc_line_d19db6d2"
                    TAGREFS="LT8"
                    BASELINE="109 952 561 957" 
                    HPOS="108"
                    VPOS="921"
                    WIDTH="453"
                    HEIGHT="48">
            <Shape><Polygon POINTS="109 952 108 963 150 964 151 964 151 964 168 960 176 965 176 965 177 965 178 966 198 966 198 965 236 961 243 966 244 966 245 966 245 966 335 962 373 967 374 967 375 967 376 967 376 966 379 963 428 963 436 968 437 968 438 968 438 968 517 964 559 969 561 957 561 933 496 925 495 925 495 925 474 933 451 933 413 924 360 924 359 924 359 924 358 924 358 925 350 931 324 931 318 926 317 926 316 926 316 926 315 926 301 930 294 925 293 925 293 925 258 925 257 925 230 929 213 922 212 922 211 922 210 922 195 929 174 921 173 921 173 921 172 921 151 927 140 922 139 922 139 922 109 922 109 952"/></Shape>
            <String CONTENT="Dedans voſtre vieille maiſon,"
                    HPOS="108"
                    VPOS="921"
                    WIDTH="453"
                    HEIGHT="48"
                    WC="0.976080060005188"></String>
          </TextLine>
          <TextLine ID="eSc_line_b0390b2c"
                    TAGREFS="LT8"
                    BASELINE="107 992 553 997" 
                    HPOS="106"
                    VPOS="959"
                    WIDTH="447"
                    HEIGHT="50">
            <Shape><Polygon POINTS="107 992 106 999 126 1004 127 1004 128 1004 170 1000 182 1005 182 1005 183 1005 265 1001 312 1007 313 1007 345 1007 345 1007 346 1007 347 1007 353 1002 415 1002 428 1008 429 1008 430 1008 483 1004 509 1004 515 1009 516 1009 517 1009 518 1009 552 1005 553 997 553 971 530 971 524 964 524 964 523 964 522 964 521 964 521 964 520 964 510 970 470 967 470 967 452 970 440 962 439 962 438 962 438 962 409 969 400 962 399 962 398 962 379 962 378 962 377 962 362 969 347 961 347 961 298 960 263 960 262 960 262 960 239 967 233 962 233 962 233 962 232 962 231 962 207 967 182 960 182 960 181 960 180 960 165 967 138 967 118 959 117 959 116 959 116 959 115 959 107 964 107 992"/></Shape>
            <String CONTENT="Car il plaiſt à Chriſt s’y tenir:"
                    HPOS="106"
                    VPOS="959"
                    WIDTH="447"
                    HEIGHT="50"
                    WC="0.9661458765759188"></String>
          </TextLine>
          <TextLine ID="eSc_line_3840d8f7"
                    TAGREFS="LT8"
                    BASELINE="107 1031 505 1035" 
                    HPOS="106"
                    VPOS="999"
                    WIDTH="399"
                    HEIGHT="46">
            <Shape><Polygon POINTS="107 1031 106 1039 113 1043 113 1043 114 1043 115 1043 236 1040 247 1044 248 1044 249 1044 250 1044 262 1040 268 1044 269 1044 270 1044 270 1044 322 1041 345 1045 346 1045 347 1045 347 1045 353 1041 504 1045 505 1035 504 1012 467 1012 459 1004 459 1004 458 1004 458 1004 457 1004 456 1004 441 1008 437 1004 436 1004 436 1004 435 1004 434 1004 433 1004 428 1007 423 1002 423 1001 422 1001 421 1001 407 1001 407 1001 406 1001 405 1001 397 1008 360 1001 359 1001 359 1001 358 1001 358 1002 350 1010 341 1006 340 1006 339 1006 309 1010 296 1001 296 1001 295 1001 259 1000 259 1000 258 1000 243 1007 227 1000 227 1000 226 1000 225 1000 225 1000 225 1001 216 1010 205 1010 187 999 186 999 185 999 185 999 184 999 173 1009 138 1009 122 999 122 999 121 999 120 999 119 999 107 1004 107 1031"/></Shape>
            <String CONTENT="Sans la laiſſer nulle ſaiſon,"
                    HPOS="106"
                    VPOS="999"
                    WIDTH="399"
                    HEIGHT="46"
                    WC="0.9748826232449762"></String>
          </TextLine>
          <TextLine ID="eSc_line_9773a0f4"
                    TAGREFS="LT8"
                    BASELINE="105 1070 536 1071" 
                    HPOS="105"
                    VPOS="1040"
                    WIDTH="431"
                    HEIGHT="46">
            <Shape><Polygon POINTS="105 1070 105 1077 145 1078 165 1084 166 1084 167 1084 168 1084 179 1079 196 1084 197 1084 198 1084 199 1084 209 1078 235 1078 242 1084 242 1084 242 1084 243 1084 244 1085 293 1085 293 1084 319 1078 360 1085 361 1085 417 1079 427 1085 427 1085 428 1085 429 1086 442 1086 442 1085 443 1085 444 1085 450 1079 467 1085 468 1085 469 1085 470 1085 483 1079 498 1085 499 1085 500 1085 535 1082 536 1071 536 1049 495 1049 484 1041 483 1041 482 1041 457 1041 456 1041 455 1041 455 1041 445 1047 433 1041 433 1041 432 1041 431 1041 430 1041 421 1048 338 1044 337 1044 336 1044 321 1048 294 1048 273 1040 272 1040 271 1040 270 1040 270 1040 260 1047 248 1040 247 1040 247 1040 246 1040 199 1041 199 1041 198 1041 189 1047 165 1040 164 1040 163 1040 162 1040 149 1044 137 1040 136 1040 136 1040 105 1040 105 1070"/></Shape>
            <String CONTENT="Il en eſt Seigneur par raiſon,"
                    HPOS="105"
                    VPOS="1040"
                    WIDTH="431"
                    HEIGHT="46"
                    WC="0.9945608814557393"></String>
          </TextLine>
          <TextLine ID="eSc_line_76014f5c"
                    TAGREFS="LT8"
                    BASELINE="108 1112 523 1112" 
                    HPOS="108"
                    VPOS="1078"
                    WIDTH="415"
                    HEIGHT="49">
            <Shape><Polygon POINTS="108 1112 108 1122 132 1127 133 1127 133 1127 134 1127 142 1121 152 1127 153 1127 153 1127 168 1127 168 1127 169 1127 170 1127 170 1126 176 1121 193 1126 193 1126 194 1126 195 1126 205 1121 273 1121 280 1127 281 1127 282 1127 282 1127 283 1127 296 1121 306 1127 307 1127 307 1127 374 1127 374 1127 375 1127 393 1121 416 1127 416 1127 417 1127 438 1121 478 1122 482 1127 483 1127 484 1127 484 1127 523 1122 523 1112 523 1089 476 1089 455 1078 455 1078 454 1078 410 1088 396 1078 395 1078 394 1078 393 1078 393 1078 392 1078 383 1084 357 1084 346 1078 345 1078 312 1078 311 1078 310 1078 292 1086 281 1081 280 1081 279 1081 279 1081 278 1081 269 1088 204 1081 203 1081 150 1088 137 1079 136 1079 136 1079 108 1078 108 1112"/></Shape>
            <String CONTENT="Et vous a chaſſé du milieu."
                    HPOS="108"
                    VPOS="1078"
                    WIDTH="415"
                    HEIGHT="49"
                    WC="0.9681277679545539"></String>
          </TextLine>
          <TextLine ID="eSc_line_05cd85f6"
                    TAGREFS="LT10"
                    BASELINE="193 1150 321 1149" 
                    HPOS="193"
                    VPOS="1118"
                    WIDTH="128"
                    HEIGHT="47">
            <Shape><Polygon POINTS="193 1163 223 1161 249 1165 250 1165 272 1159 298 1164 299 1164 300 1164 305 1158 321 1158 321 1149 319 1125 256 1118 230 1120 229 1120 229 1121 224 1126 213 1120 212 1120 211 1120 210 1120 193 1127 193 1150"/></Shape>
            <String CONTENT="A Dieu."
                    HPOS="193"
                    VPOS="1118"
                    WIDTH="128"
                    HEIGHT="47"
                    WC="0.9999374151229858"></String>
          </TextLine>
        </TextBlock>
        <TextBlock HPOS="531"
                   VPOS="1152"
                   WIDTH="99"
                   HEIGHT="60"
                   ID="eSc_textblock_5cc51643"
                   TAGREFS="BT17">
          <Shape><Polygon POINTS="531 1212 531 1152 630 1152 630 1212"/></Shape>
          <TextLine ID="eSc_line_9bf463af"
                    TAGREFS="LT8"
                    BASELINE="538 1189 610 1189" 
                    HPOS="538"
                    VPOS="1159"
                    WIDTH="72"
                    HEIGHT="47">
            <Shape><Polygon POINTS="538 1189 538 1203 609 1206 610 1189 609 1170 574 1171 559 1159 558 1159 558 1159 538 1159 538 1189"/></Shape>
            <String CONTENT="F .ii."
                    HPOS="538"
                    VPOS="1159"
                    WIDTH="72"
                    HEIGHT="47"
                    ></String>
          </TextLine>
        </TextBlock>
      </PrintSpace>
    </Page>
  </Layout>
</alto>
