892 1332
133 54 61 61 88

350 48 222 63 Chanſons

247 111 367 49 Chanſon ſur ce paſſage. Rom.7.

146 148 611 45 Las moy hõme miſerable, qui me deliurera du corps

124 182 277 43 de ceſte mort de peché?

192 229 405 52 Ray Dieu, qui reconfortera

188 270 428 51 Ma poure ame: & qui l’oſtera

125 310 453 49 De la peur d’eſtre condemnée?

160 352 392 45 Si ſon Enfer elle peut voir,

125 389 390 48 Et ſon peché apperceuoir,

125 426 443 46 Iuſtement ſe tiendra damnée.

176 469 460 44 Car ſe trouuant en chacun lieu,

131 507 497 48 Comme vn iuge verra ſon Dieu,

133 546 418 46 Qui la rendra plus eſtonnée.

173 585 412 45 Elle verra que ſes biensfaits

122 624 491 46 Deuant Dieu ſont ords & infaits,

124 663 381 46 Et la vie qu’elle a menée.

172 701 431 48 Pleine de mal, vuyde de bien,

124 741 405 41 Souhaittera de n’eſtre rien,

121 778 400 43 Et n’auoir iamais eſté née.

173 816 380 49 Qui la deliurera du corps

120 859 410 40 De ceſte mort, ou ſera lors

120 896 445 46 En trouble & douleur amere?

170 935 411 47 Ce ne ſera pas ſon bon ſens,

120 975 434 44 Ne ſa raiſon ny ſes cinq ſens,

127 1013 404 46 Quand elle ſera adiournée.

170 1054 355 45 Ce ſera grace purement

116 1091 563 54 De Dieu, par Cbriſt ſon vray aymant,

693 1130 65 64 Qui

129 243 58 63 V
